
	<marc:record>
		<marc:leader>00694cim a2200193 c 4500</marc:leader>
		<marc:controlfield tag="001">990003904534702201</marc:controlfield>
		<marc:controlfield tag="005">20150112211036.0</marc:controlfield>
		<marc:controlfield tag="007">sd f||||||||||</marc:controlfield>
		<marc:controlfield tag="008">150112s2000 xx#|||| ||||||||||||nob|</marc:controlfield>
		<marc:datafield tag="020" ind1=" " ind2=" ">
			<marc:subfield code="a">8242108757</marc:subfield>
		</marc:datafield>
		<marc:datafield tag="100" ind1="1" ind2=" ">
			<marc:subfield code="a">Bakewell, Michael</marc:subfield>
			<marc:subfield code="0">http://viaf.org/viaf/225417153</marc:subfield>
			<marc:subfield code="4">drt</marc:subfield>
		</marc:datafield>
		<marc:datafield tag="240" ind1="1" ind2="0">
			<marc:subfield code="a">4.50 fra Paddington</marc:subfield>
			<marc:subfield code="0">http://viaf.org/viaf/176021540</marc:subfield>
		</marc:datafield>
		<marc:datafield tag="245" ind1="1" ind2="0">
			<marc:subfield code="a">4.50 fra Paddington</marc:subfield>
			<marc:subfield code="c">Agatha Christie ; [dramatisert av Michael Bakewell ; oversatt av Tor Stokke]</marc:subfield>
			<marc:subfield code="h">[lydopptak]</marc:subfield>
		</marc:datafield>
		<marc:datafield tag="260" ind1=" " ind2=" ">
			<marc:subfield code="a">[Melhus]</marc:subfield>
			<marc:subfield code="a">[Oslo]</marc:subfield>
			<marc:subfield code="b">NRK lydbokforl.</marc:subfield>
			<marc:subfield code="b">Radioteatret</marc:subfield>
			<marc:subfield code="c">2000</marc:subfield>
		</marc:datafield>
		<marc:datafield tag="300" ind1=" " ind2=" ">
			<marc:subfield code="a">2 lydplater (1 t, 54 min)</marc:subfield>
			<marc:subfield code="b">digital</marc:subfield>
		</marc:datafield>
		<marc:datafield tag="336" ind1=" " ind2=" ">
			<marc:subfield code="a">spoken word</marc:subfield>
			<marc:subfield code="b">spw</marc:subfield>
			<marc:subfield code="2">rdacontent</marc:subfield>
			<marc:subfield code="0">http://rdaregistry.info/termList/RDAContentType/1013</marc:subfield>
		</marc:datafield>
		<marc:datafield tag="337" ind1=" " ind2=" ">
			<marc:subfield code="a">audio</marc:subfield>
			<marc:subfield code="b">s</marc:subfield>
			<marc:subfield code="2">rdamedia</marc:subfield>
			<marc:subfield code="0">http://rdaregistry.info/termList/RDAMediaType/1001</marc:subfield>
		</marc:datafield>
		<marc:datafield tag="338" ind1=" " ind2=" ">
			<marc:subfield code="a">audiodisc</marc:subfield>
			<marc:subfield code="b">sd</marc:subfield>
			<marc:subfield code="2">rdacarrier</marc:subfield>
			<marc:subfield code="0">http://rdaregistry.info/termList/RDACarrierType/1004</marc:subfield>
		</marc:datafield>
		<marc:datafield tag="380" ind1=" " ind2=" ">
			<marc:subfield code="a">nonmusical sound</marc:subfield>
			<marc:subfield code="2">marcgt</marc:subfield>
			<marc:subfield code="0">http://id.loc.gov/vocabulary/marcgt/nos</marc:subfield>
		</marc:datafield>
		<marc:datafield tag="655" ind1=" " ind2="4">
			<marc:subfield code="a">Krim</marc:subfield>
		</marc:datafield>
		<marc:datafield tag="655" ind1=" " ind2="4">
			<marc:subfield code="a">Hørespill</marc:subfield>
		</marc:datafield>
		<marc:datafield tag="700" ind1="1" ind2=" ">
			<marc:subfield code="a">Christie, Agatha,</marc:subfield>
			<marc:subfield code="d">1890-1976</marc:subfield>
			<marc:subfield code="0">http://viaf.org/viaf/71388952</marc:subfield>
		</marc:datafield>
		<marc:datafield tag="710" ind1="2" ind2=" ">
			<marc:subfield code="a">Radioteatret (Norge)</marc:subfield>
			<marc:subfield code="0">http://viaf.org/viaf/170145970054032250744</marc:subfield>
		</marc:datafield>
	</marc:record>