
	<marc:record>
		<marc:leader>01533cgm a2200301 c 4500</marc:leader>
		<marc:controlfield tag="001">990509779464702201</marc:controlfield>
		<marc:controlfield tag="005">20160519155627.0</marc:controlfield>
		<marc:controlfield tag="007">vd |v||||</marc:controlfield>
		<marc:controlfield tag="008">141016s2005 xx#|||||||||||####v|eng|d</marc:controlfield>
		<marc:datafield tag="020" ind1=" " ind2=" ">
			<marc:subfield code="a">5037115077936</marc:subfield>
		</marc:datafield>
		<marc:datafield tag="245" ind1="0" ind2="0">
			<marc:subfield code="a">A Murder is announced</marc:subfield>
			<marc:subfield code="c">based on the novels by Agatha Christie ; screenplay by Stewart Harcourt ; directed by John Strickland ; producer: Matthew Read ; executive producers: Michelle Buck ... [et al.]</marc:subfield>
			<marc:subfield code="h">[videoopptak]</marc:subfield>
		</marc:datafield>
		<marc:datafield tag="260" ind1=" " ind2=" ">
			<marc:subfield code="a">[London]</marc:subfield>
			<marc:subfield code="b">Agatha Christie Ltd.</marc:subfield>
			<marc:subfield code="b">Granada Ventures, distribution</marc:subfield>
			<marc:subfield code="c">2005</marc:subfield>
		</marc:datafield>
		<marc:datafield tag="300" ind1=" " ind2=" ">
			<marc:subfield code="a">1 digitalplate (DVD-video) (PAL) (94 min)</marc:subfield>
			<marc:subfield code="b">lyd, kol.</marc:subfield>
		</marc:datafield>
		<marc:datafield tag="336" ind1=" " ind2=" ">
			<marc:subfield code="a">two dimensiolan moving image</marc:subfield>
			<marc:subfield code="b">tdi</marc:subfield>
			<marc:subfield code="2">rdacontent</marc:subfield>
			<marc:subfield code="0">http://rdaregistry.info/termList/RDAContentType/1023</marc:subfield>
		</marc:datafield>
		<marc:datafield tag="337" ind1=" " ind2=" ">
			<marc:subfield code="a">video</marc:subfield>
			<marc:subfield code="b">v</marc:subfield>
			<marc:subfield code="2">rdamedia</marc:subfield>
			<marc:subfield code="0">http://rdaregistry.info/termList/RDAMediaType/1008</marc:subfield>
		</marc:datafield>
		<marc:datafield tag="338" ind1=" " ind2=" ">
			<marc:subfield code="a">videodisc</marc:subfield>
			<marc:subfield code="b">vd</marc:subfield>
			<marc:subfield code="2">rdacarrier</marc:subfield>
			<marc:subfield code="0">http://rdaregistry.info/termList/RDACarrierType/1060</marc:subfield>
		</marc:datafield>
		<marc:datafield tag="380" ind1=" " ind2=" ">
			<marc:subfield code="a">motion picture</marc:subfield>
			<marc:subfield code="2">marcgt</marc:subfield>
			<marc:subfield code="0">http://id.loc.gov/vocabulary/marcgt/mot</marc:subfield>
		</marc:datafield>
		<marc:datafield tag="490" ind1="1" ind2=" ">
			<marc:subfield code="a">Marple</marc:subfield>
		</marc:datafield>
		<marc:datafield tag="500" ind1=" " ind2=" ">
			<marc:subfield code="a">Av rollelista: Geraldine McEwan (Ms Marple), Alexander Armstrong Frances Barber, Christian Coulson, Mathew Goode, Sienna Guillory, Keeley Hawes, Cherie Lunghi, Virginia McKenna, Elaine Page, Robert Pugh, Claire Skinner, Catherine Tate, Zoe Wanamaker</marc:subfield>
		</marc:datafield>
		<marc:datafield tag="500" ind1=" " ind2=" ">
			<marc:subfield code="a">Bildeformat: 16:9 FHA</marc:subfield>
		</marc:datafield>
		<marc:datafield tag="500" ind1=" " ind2=" ">
			<marc:subfield code="a">Engelsk tale med valgfrie undertekster for hørselhemma</marc:subfield>
		</marc:datafield>
		<marc:datafield tag="500" ind1=" " ind2=" ">
			<marc:subfield code="a">Lyd: Dolby digital stereo 2.0</marc:subfield>
		</marc:datafield>
		<marc:datafield tag="500" ind1=" " ind2=" ">
			<marc:subfield code="a">"Special features: Behind the scenes documentary segment with key cast and crew interviews "</marc:subfield>
		</marc:datafield>
		<marc:datafield tag="655" ind1=" " ind2="4">
			<marc:subfield code="a">Krim</marc:subfield>
		</marc:datafield>
		<marc:datafield tag="700" ind1="1" ind2="2">
			<marc:subfield code="a">Christie, Agatha,</marc:subfield>
			<marc:subfield code="d">1890-1976</marc:subfield>
			<marc:subfield code="0">http://viaf.org/viaf/71388952</marc:subfield>
			<marc:subfield code="4">ccp</marc:subfield>
		</marc:datafield>
		<marc:datafield tag="700" ind1="1" ind2=" ">
			<marc:subfield code="a">Harcourt, Stewart</marc:subfield>
			<marc:subfield code="0">http://viaf.org/viaf/172154782</marc:subfield>
			<marc:subfield code="4">aus</marc:subfield>
		</marc:datafield>
		<marc:datafield tag="700" ind1="1" ind2=" ">
			<marc:subfield code="a">Strickland, John</marc:subfield>
			<marc:subfield code="0">http://viaf.org/viaf/232816370</marc:subfield>
			<marc:subfield code="4">tld</marc:subfield>
		</marc:datafield>
		<marc:datafield tag="700" ind1="1" ind2=" ">
			<marc:subfield code="a">Read, Matthew</marc:subfield>
			<marc:subfield code="0">http://viaf.org/viaf/305143542</marc:subfield>
			<marc:subfield code="4">fmp</marc:subfield>
		</marc:datafield>
		<marc:datafield tag="700" ind1="1" ind2=" ">
			<marc:subfield code="a">Buck, Michele</marc:subfield>
			<marc:subfield code="0">http://viaf.org/viaf/296114532</marc:subfield>
			<marc:subfield code="4">fmp</marc:subfield>
		</marc:datafield>
		<marc:datafield tag="700" ind1="1" ind2=" ">
			<marc:subfield code="a">Christie, Agatha</marc:subfield>
			<marc:subfield code="0">http://viaf.org/viaf/181004220</marc:subfield>
			<marc:subfield code="t">A Murder is announced</marc:subfield>
			<marc:subfield code="i">Adaptation of work</marc:subfield>
			<marc:subfield code="4">http://rdaregistry.info/Elements/w/P10142</marc:subfield>
		</marc:datafield>
		<marc:datafield tag="740" ind1="0" ind2="">
			<marc:subfield code="a">Invitasjon til mord</marc:subfield>
		</marc:datafield>
		<marc:datafield tag="830" ind1=" " ind2=" ">
			<marc:subfield code="a">Marple</marc:subfield>
			<marc:subfield code="w">990509655494702201</marc:subfield>
		</marc:datafield>
	</marc:record>