
	<marc:record>
		<marc:leader>01103cam a2200301 c 4500</marc:leader>
		<marc:controlfield tag="001">999517036334702201</marc:controlfield>
		<marc:controlfield tag="005">20160622163927.0</marc:controlfield>
		<marc:controlfield tag="007">ta</marc:controlfield>
		<marc:controlfield tag="008">141016s1990 no#|||||||||||000|1|nob|d</marc:controlfield>
		<marc:datafield tag="020" ind1=" " ind2=" ">
			<marc:subfield code="a">8203163998</marc:subfield>
			<marc:subfield code="q">ib.</marc:subfield>
			<marc:subfield code="c">Nkr 595.00</marc:subfield>
		</marc:datafield>
		<marc:datafield tag="020" ind1=" " ind2=" ">
			<marc:subfield code="a">8203164005</marc:subfield>
			<marc:subfield code="q">ib.</marc:subfield>
			<marc:subfield code="c">Nkr 298.00</marc:subfield>
		</marc:datafield>
		<marc:datafield tag="041" ind1="1" ind2=" ">
			<marc:subfield code="c">ode="a" nob</marc:subfield>
			<marc:subfield code="h">eng</marc:subfield>
		</marc:datafield>
		<marc:datafield tag="100" ind1="1" ind2=" ">
			<marc:subfield code="a">Christie, Agatha</marc:subfield>
			<marc:subfield code="d">1890-1976</marc:subfield>
			<marc:subfield code="0">http://viaf.org/viaf/71388952</marc:subfield>
			<marc:subfield code="4">aut</marc:subfield>
		</marc:datafield>
		<marc:datafield tag="245" ind1="1" ind2="0">
			<marc:subfield code="a">Agatha Christie</marc:subfield>
			<marc:subfield code="c">Agatha Christie; i utvalg ved Rivertonklubben</marc:subfield>
		</marc:datafield>
		<marc:datafield tag="260" ind1=" " ind2=" ">
			<marc:subfield code="a">Oslo</marc:subfield>
			<marc:subfield code="b">Aschehoug</marc:subfield>
			<marc:subfield code="c">1990</marc:subfield>
		</marc:datafield>
		<marc:datafield tag="300" ind1=" " ind2=" ">
			<marc:subfield code="a">1170 s.</marc:subfield>
			<marc:subfield code="c">23 cm</marc:subfield>
		</marc:datafield>
		<marc:datafield tag="336" ind1=" " ind2=" ">
			<marc:subfield code="a">text</marc:subfield>
			<marc:subfield code="b">t</marc:subfield>
			<marc:subfield code="2">rdacontent</marc:subfield>
			<marc:subfield code="0">http://rdaregistry.info/termList/RDAContentType/1020</marc:subfield>
		</marc:datafield>
		<marc:datafield tag="337" ind1=" " ind2=" ">
			<marc:subfield code="a">unmediated</marc:subfield>
			<marc:subfield code="b">n</marc:subfield>
			<marc:subfield code="2">rdamedia</marc:subfield>
			<marc:subfield code="0">http://rdaregistry.info/termList/RDAMediaType/1007</marc:subfield>
		</marc:datafield>
		<marc:datafield tag="338" ind1=" " ind2=" ">
			<marc:subfield code="a">volume</marc:subfield>
			<marc:subfield code="b">nc</marc:subfield>
			<marc:subfield code="2">rdacarrier</marc:subfield>
			<marc:subfield code="0">http://rdaregistry.info/termList/RDACarrierType/1049</marc:subfield>
		</marc:datafield>
		<marc:datafield tag="380" ind1=" " ind2=" ">
			<marc:subfield code="a">novel</marc:subfield>
			<marc:subfield code="2">marcgt</marc:subfield>
			<marc:subfield code="0">http://id.loc.gov/vocabulary/marcgt/nov</marc:subfield>
		</marc:datafield>
		<marc:datafield tag="505" ind1="1" ind2="8">
			<marc:subfield code="a">Agatha Christies udødelige. - Innhold: Doktoren mister en pasient ; Mord på Orientekspressen ; Kortene på bordet ; Guds kvern maler langsomt ; Ti små negerunger ; Mot nullpunktet ; Morder i huset ; Invitasjon til mord</marc:subfield>
		</marc:datafield>
		<marc:datafield tag="655" ind1=" " ind2="4">
			<marc:subfield code="a">Krim</marc:subfield>
		</marc:datafield>
		<marc:datafield tag="740" ind1="0" ind2="2">
			<marc:subfield code="a">Agatha Christies udødelige</marc:subfield>
		</marc:datafield>
		<marc:datafield tag="700" ind1="0" ind2="2">
			<marc:subfield code="a">Christie, Agatha</marc:subfield>
			<marc:subfield code="0">http://viaf.org/viaf/217048217</marc:subfield>
			<marc:subfield code="t">Doktoren mister en pasient</marc:subfield>
		</marc:datafield>
		<marc:datafield tag="700" ind1="0" ind2="2">
			<marc:subfield code="a">Christie, Agatha</marc:subfield>
			<marc:subfield code="0">http://viaf.org/viaf/316741387</marc:subfield>
			<marc:subfield code="t">Mord på Orientekspressen</marc:subfield>
		</marc:datafield>
		<marc:datafield tag="700" ind1="0" ind2="2">
			<marc:subfield code="a">Christie, Agatha</marc:subfield>
			<marc:subfield code="0">http://viaf.org/viaf/310911986</marc:subfield>
			<marc:subfield code="a">Kortene på bordet</marc:subfield>
		</marc:datafield>
		<marc:datafield tag="700" ind1="0" ind2="2">
			<marc:subfield code="a">Christie, Agatha</marc:subfield>
			<marc:subfield code="0">http://viaf.org/viaf/174408071</marc:subfield>
			<marc:subfield code="a">Guds kvern maler langsomt</marc:subfield>
		</marc:datafield>
		<marc:datafield tag="700" ind1="0" ind2="2">
			<marc:subfield code="a">Christie, Agatha</marc:subfield>
			<marc:subfield code="0">http://viaf.org/viaf/313145424580486831117</marc:subfield>
			<marc:subfield code="a">Ti små negerunger</marc:subfield>
		</marc:datafield>
		<marc:datafield tag="700" ind1="0" ind2="2">
			<marc:subfield code="a">Christie, Agatha</marc:subfield>
			<marc:subfield code="0">http://viaf.org/viaf/185330104</marc:subfield>
			<marc:subfield code="a">Mot nullpunktet</marc:subfield>
		</marc:datafield>
		<marc:datafield tag="700" ind1="0" ind2="2">
			<marc:subfield code="a">Christie, Agatha</marc:subfield>
			<marc:subfield code="0">http://viaf.org/viaf/310912645</marc:subfield>
			<marc:subfield code="a">Morder i huset</marc:subfield>
		</marc:datafield>
		<marc:datafield tag="700" ind1="0" ind2="2">
			<marc:subfield code="a">Christie, Agatha</marc:subfield>
			<marc:subfield code="0">http://viaf.org/viaf/181004220</marc:subfield>
			<marc:subfield code="a">Ivitasjon til mord</marc:subfield>
		</marc:datafield>
	</marc:record>