
	<marc:record>
		<marc:leader>01082cgm a2200301 c 4500</marc:leader>
		<marc:controlfield tag="001">991126724774702201</marc:controlfield>
		<marc:controlfield tag="005">20160519160323.0</marc:controlfield>
		<marc:controlfield tag="007">vd |v||||</marc:controlfield>
		<marc:controlfield tag="008">141016s2008 xx#|||||||||||####v|eng|d</marc:controlfield>
		<marc:datafield tag="245" ind1="0" ind2="0">
			<marc:subfield code="a">Agatha Christie :</marc:subfield>
			<marc:subfield code="b">Poirot : collection 7</marc:subfield>
			<marc:subfield code="h">[videoopptak]</marc:subfield>
		</marc:datafield>
		<marc:datafield tag="260" ind1=" " ind2=" ">
			<marc:subfield code="a">[S.l.]</marc:subfield>
			<marc:subfield code="b">ITV DVD</marc:subfield>
			<marc:subfield code="c">cop. 2008</marc:subfield>
		</marc:datafield>
		<marc:datafield tag="300" ind1=" " ind2=" ">
			<marc:subfield code="a">4 videoplater (DVD-video) (6t 12 min) i to bokser</marc:subfield>
			<marc:subfield code="b">lyd, kol.</marc:subfield>
		</marc:datafield>
		<marc:datafield tag="336" ind1=" " ind2=" ">
			<marc:subfield code="a">two dimensiolan moving image</marc:subfield>
			<marc:subfield code="b">tdi</marc:subfield>
			<marc:subfield code="2">rdacontent</marc:subfield>
			<marc:subfield code="0">http://rdaregistry.info/termList/RDAContentType/1023</marc:subfield>
		</marc:datafield>
		<marc:datafield tag="337" ind1=" " ind2=" ">
			<marc:subfield code="a">video</marc:subfield>
			<marc:subfield code="b">v</marc:subfield>
			<marc:subfield code="2">rdamedia</marc:subfield>
			<marc:subfield code="0">http://rdaregistry.info/termList/RDAMediaType/1008</marc:subfield>
		</marc:datafield>
		<marc:datafield tag="338" ind1=" " ind2=" ">
			<marc:subfield code="a">videodisc</marc:subfield>
			<marc:subfield code="b">vd</marc:subfield>
			<marc:subfield code="2">rdacarrier</marc:subfield>
			<marc:subfield code="0">http://rdaregistry.info/termList/RDACarrierType/1060</marc:subfield>
		</marc:datafield>
		<marc:datafield tag="380" ind1=" " ind2=" ">
			<marc:subfield code="a">motion picture</marc:subfield>
			<marc:subfield code="2">marcgt</marc:subfield>
			<marc:subfield code="0">http://id.loc.gov/vocabulary/marcgt/mot</marc:subfield>
		</marc:datafield>
		<marc:datafield tag="500" ind1=" " ind2=" ">
			<marc:subfield code="a">Kodet for region 2</marc:subfield>
		</marc:datafield>
		<marc:datafield tag="500" ind1=" " ind2=" ">
			<marc:subfield code="a">Krim. Aldersgrense 12 år</marc:subfield>
		</marc:datafield>
		<marc:datafield tag="500" ind1=" " ind2=" ">
			<marc:subfield code="a">David Suchet som Hercule Poirot</marc:subfield>
		</marc:datafield>
		<marc:datafield tag="500" ind1=" " ind2=" ">
			<marc:subfield code="a">Tittel fra emballasjen</marc:subfield>
		</marc:datafield>
		<marc:datafield tag="505" ind1="0" ind2=" ">
			<marc:subfield code="a">Disc 1: Mrs McGinty's dead ; Disc 2: Cat among the pigeons ; Disc 3: Third girl ; Disc 4: Appointment with death</marc:subfield>
		</marc:datafield>
		<marc:datafield tag="650" ind1=" " ind2="7">
			<marc:subfield code="a">Filmarkitektur</marc:subfield>
			<marc:subfield code="v">DVD</marc:subfield>
			<marc:subfield code="2">tekord</marc:subfield>
		</marc:datafield>
		<marc:datafield tag="650" ind1=" " ind2="7">
			<marc:subfield code="a">Funksjonalisme (Arkitektur)</marc:subfield>
			<marc:subfield code="2">tekord</marc:subfield>
		</marc:datafield>
		<marc:datafield tag="655" ind1=" " ind2="4">
			<marc:subfield code="a">Krim</marc:subfield>
		</marc:datafield>
		<marc:datafield tag="655" ind1=" " ind2="4">
			<marc:subfield code="a">DVD</marc:subfield>
		</marc:datafield>
		<marc:datafield tag="655" ind1=" " ind2="4">
			<marc:subfield code="a">Video</marc:subfield>
		</marc:datafield>
		<marc:datafield tag="700" ind1="1" ind2=" ">
			<marc:subfield code="a">Christie, Agatha,</marc:subfield>
			<marc:subfield code="d">1890-1976</marc:subfield>
			<marc:subfield code="0">http://viaf.org/viaf/71388952</marc:subfield>
			<marc:subfield code="4">ccp</marc:subfield>
		</marc:datafield>
		<marc:datafield tag="700" ind1="1" ind2=" ">
			<marc:subfield code="a">Christie, Agatha</marc:subfield>
			<marc:subfield code="0">http://viaf.org/viaf/234828812</marc:subfield>
			<marc:subfield code="t">Poirot collection 7</marc:subfield>
			<marc:subfield code="i">Adaptation of work</marc:subfield>
			<marc:subfield code="4">http://rdaregistry.info/Elements/w/P10142</marc:subfield>
		</marc:datafield>
		<marc:datafield tag="700" ind1="1" ind2=" ">
			<marc:subfield code="a">Suchet, David,</marc:subfield>
			<marc:subfield code="d">1946-</marc:subfield>
			<marc:subfield code="0">http://viaf.org/viaf/85684285</marc:subfield>
			<marc:subfield code="4">act</marc:subfield>
		</marc:datafield>
		<marc:datafield tag="740" ind1="0" ind2=" ">
			<marc:subfield code="a">Poirot</marc:subfield>
		</marc:datafield>
		<marc:datafield tag="700" ind1="0" ind2="2">
			<marc:subfield code="a">Christie, Agatha</marc:subfield>
			<marc:subfield code="t">Cat among the pigeons</marc:subfield>
			<marc:subfield code="0">http://viaf.org/viaf/174999513</marc:subfield>
		</marc:datafield>
		<marc:datafield tag="700" ind1="0" ind2="2">
			<marc:subfield code="a">Christie, Agatha</marc:subfield>
			<marc:subfield code="t">Mrs McGinty's dead</marc:subfield>
			<marc:subfield code="0">http://viaf.org/viaf/186310676</marc:subfield>
		</marc:datafield>
		<marc:datafield tag="700" ind1="0" ind2="2">
			<marc:subfield code="a">Christie, Agatha</marc:subfield>
			<marc:subfield code="t">Third girl</marc:subfield>
			<marc:subfield code="0">http://viaf.org/viaf/126155345587706430000</marc:subfield>
		</marc:datafield>
		<marc:datafield tag="700" ind1="0" ind2="2">
			<marc:subfield code="a">Christie, Agatha</marc:subfield>
			<marc:subfield code="t">Appointment with death</marc:subfield>
			<marc:subfield code="0">http://viaf.org/viaf/310912914</marc:subfield>
		</marc:datafield>
	</marc:record>