
	<marc:record>
		<marc:leader>01105cgm a2200301 c 4500</marc:leader>
		<marc:controlfield tag="001">991126725234702201</marc:controlfield>
		<marc:controlfield tag="005">20160519160323.0</marc:controlfield>
		<marc:controlfield tag="007">vd |v||||</marc:controlfield>
		<marc:controlfield tag="008">151022s2010 xx#|||||||||||####v|eng|d</marc:controlfield>
		<marc:datafield tag="245" ind1="0" ind2="0">
			<marc:subfield code="a">Agatha Christie :</marc:subfield>
			<marc:subfield code="b">Poirot : collection 8</marc:subfield>
			<marc:subfield code="h">[videoopptak]</marc:subfield>
		</marc:datafield>
		<marc:datafield tag="260" ind1=" " ind2=" ">
			<marc:subfield code="a">[S.l.]</marc:subfield>
			<marc:subfield code="b">ITV Studios Home Entertainment</marc:subfield>
			<marc:subfield code="c">cop. 2010</marc:subfield>
		</marc:datafield>
		<marc:datafield tag="300" ind1=" " ind2=" ">
			<marc:subfield code="a">4 videoplater (DVD-video) (6t 43 min) i to bokser</marc:subfield>
			<marc:subfield code="b">lyd, kol.</marc:subfield>
		</marc:datafield>
		<marc:datafield tag="336" ind1=" " ind2=" ">
			<marc:subfield code="a">two dimensiolan moving image</marc:subfield>
			<marc:subfield code="b">tdi</marc:subfield>
			<marc:subfield code="2">rdacontent</marc:subfield>
			<marc:subfield code="0">http://rdaregistry.info/termList/RDAContentType/1023</marc:subfield>
		</marc:datafield>
		<marc:datafield tag="337" ind1=" " ind2=" ">
			<marc:subfield code="a">video</marc:subfield>
			<marc:subfield code="b">v</marc:subfield>
			<marc:subfield code="2">rdamedia</marc:subfield>
			<marc:subfield code="0">http://rdaregistry.info/termList/RDAMediaType/1008</marc:subfield>
		</marc:datafield>
		<marc:datafield tag="338" ind1=" " ind2=" ">
			<marc:subfield code="a">videodisc</marc:subfield>
			<marc:subfield code="b">vd</marc:subfield>
			<marc:subfield code="2">rdacarrier</marc:subfield>
			<marc:subfield code="0">http://rdaregistry.info/termList/RDACarrierType/1060</marc:subfield>
		</marc:datafield>
		<marc:datafield tag="380" ind1=" " ind2=" ">
			<marc:subfield code="a">motion picture</marc:subfield>
			<marc:subfield code="2">marcgt</marc:subfield>
			<marc:subfield code="0">http://id.loc.gov/vocabulary/marcgt/mot</marc:subfield>
		</marc:datafield>
		<marc:datafield tag="500" ind1=" " ind2=" ">
			<marc:subfield code="a">Kodet for region 2</marc:subfield>
		</marc:datafield>
		<marc:datafield tag="500" ind1=" " ind2=" ">
			<marc:subfield code="a">David Suchet som Hercule Poirot</marc:subfield>
		</marc:datafield>
		<marc:datafield tag="500" ind1=" " ind2=" ">
			<marc:subfield code="a">Krim. Aldersgrense 15 år</marc:subfield>
		</marc:datafield>
		<marc:datafield tag="500" ind1=" " ind2=" ">
			<marc:subfield code="a">Tittel fra emballasjen</marc:subfield>
		</marc:datafield>
		<marc:datafield tag="505" ind1="0" ind2=" ">
			<marc:subfield code="a">Disc 1: Murder on the Orient Express ; Disc 2: Three act tragedy ; Disc 3: The clocks ; Disc 4: Hallowe'en party</marc:subfield>
		</marc:datafield>
		<marc:datafield tag="655" ind1=" " ind2="4">
			<marc:subfield code="a">Krim</marc:subfield>
		</marc:datafield>
		<marc:datafield tag="655" ind1=" " ind2="4">
			<marc:subfield code="a">DVD</marc:subfield>
		</marc:datafield>
		<marc:datafield tag="655" ind1=" " ind2="4">
			<marc:subfield code="a">Video</marc:subfield>
		</marc:datafield>
		<marc:datafield tag="700" ind1="1" ind2=" ">
			<marc:subfield code="a">Christie, Agatha,</marc:subfield>
			<marc:subfield code="d">1890-1976</marc:subfield>
			<marc:subfield code="0">http://viaf.org/viaf/71388952</marc:subfield>
			<marc:subfield code="4">ccp</marc:subfield>
		</marc:datafield>
		<marc:datafield tag="700" ind1="1" ind2=" ">
			<marc:subfield code="a">Suchet, David,</marc:subfield>
			<marc:subfield code="d">1946-</marc:subfield>
			<marc:subfield code="0">http://viaf.org/viaf/85684285</marc:subfield>
			<marc:subfield code="4">act</marc:subfield>
		</marc:datafield>
		<marc:datafield tag="700" ind1="1" ind2=" ">
			<marc:subfield code="a">Christie, Agatha</marc:subfield>
			<marc:subfield code="0">http://viaf.org/viaf/234828812</marc:subfield>
			<marc:subfield code="t">Poirot collection 8</marc:subfield>
			<marc:subfield code="i">Adaptation of work</marc:subfield>
			<marc:subfield code="4">http://rdaregistry.info/Elements/w/P10142</marc:subfield>
		</marc:datafield>
		<marc:datafield tag="740" ind1="0" ind2=" ">
			<marc:subfield code="a">Poirot</marc:subfield>
		</marc:datafield>
		<marc:datafield tag="700" ind1="0" ind2="2">
			<marc:subfield code="a">Christie, Agatha</marc:subfield>
			<marc:subfield code="t">Murder on the Orient Express</marc:subfield>
			<marc:subfield code="0">http://viaf.org/viaf/316741387</marc:subfield>
		</marc:datafield>
		<marc:datafield tag="700" ind1="0" ind2="2">
			<marc:subfield code="a">Christie, Agatha</marc:subfield>
			<marc:subfield code="t">Three act tragedy</marc:subfield>
			<marc:subfield code="0">http://viaf.org/viaf/72145424533086831021</marc:subfield>
		</marc:datafield>
		<marc:datafield tag="700" ind1="0" ind2="2">
			<marc:subfield code="a">Christie, Agatha</marc:subfield>
			<marc:subfield code="t">The clocks</marc:subfield>
			<marc:subfield code="0">http://viaf.org/viaf/2045153126229924750003</marc:subfield>
		</marc:datafield>
		<marc:datafield tag="700" ind1="0" ind2="2">
			<marc:subfield code="a">Christie, Agatha</marc:subfield>
			<marc:subfield code="t">Hallowe'en party</marc:subfield>
			<marc:subfield code="0">http://viaf.org/viaf/309273654</marc:subfield>
		</marc:datafield>
	</marc:record>