
	<marc:record>
		<marc:leader>01541cam a2200349 c 4500</marc:leader>
		<marc:controlfield tag="001">998521551744702201</marc:controlfield>
		<marc:controlfield tag="005">20180618184405.0</marc:controlfield>
		<marc:controlfield tag="007">ta</marc:controlfield>
		<marc:controlfield tag="008">151021s1983 no#|||||||||||000|1|nob|d</marc:controlfield>
		<marc:datafield tag="015" ind1=" " ind2=" ">
			<marc:subfield code="a">8502358</marc:subfield>
			<marc:subfield code="2">nbf</marc:subfield>
		</marc:datafield>
		<marc:datafield tag="015" ind1=" " ind2=" ">
			<marc:subfield code="a">8306206</marc:subfield>
			<marc:subfield code="2">nbf</marc:subfield>
		</marc:datafield>
		<marc:datafield tag="020" ind1=" " ind2=" ">
			<marc:subfield code="a">8203108490</marc:subfield>
			<marc:subfield code="q">ib.</marc:subfield>
			<marc:subfield code="q">b. 11</marc:subfield>
		</marc:datafield>
		<marc:datafield tag="020" ind1=" " ind2=" ">
			<marc:subfield code="a">8203150004</marc:subfield>
			<marc:subfield code="q">ib.</marc:subfield>
			<marc:subfield code="q">kpl.</marc:subfield>
		</marc:datafield>
		<marc:datafield tag="041" ind1="1" ind2=" ">
			<marc:subfield code="h">eng</marc:subfield>
		</marc:datafield>
		<marc:datafield tag="100" ind1="1" ind2=" ">
			<marc:subfield code="a">Christie, Agatha</marc:subfield>
			<marc:subfield code="d">1890-1976</marc:subfield>
			<marc:subfield code="0">http://viaf.org/viaf/71388952</marc:subfield>
			<marc:subfield code="4">aut</marc:subfield>
		</marc:datafield>
		<marc:datafield tag="245" ind1="1" ind2="0">
			<marc:subfield code="a">Agatha Christies beste</marc:subfield>
			<marc:subfield code="b">[romaner]</marc:subfield>
			<marc:subfield code="c">Agatha Christie; [De dødes advokat oversatt av Ådne Goplen ; Den fjerde rytter oversatt av Jan Christensen ; Ti små negerunger oversatt av Liv Malling]</marc:subfield>
			<marc:subfield code="n">11</marc:subfield>
			<marc:subfield code="p">De dødes advokat ; Den fjerde rytter ; Ti små negerunger</marc:subfield>
		</marc:datafield>
		<marc:datafield tag="260" ind1=" " ind2=" ">
			<marc:subfield code="a">Oslo</marc:subfield>
			<marc:subfield code="b">Aschehoug</marc:subfield>
			<marc:subfield code="c">1983</marc:subfield>
		</marc:datafield>
		<marc:datafield tag="300" ind1=" " ind2=" ">
			<marc:subfield code="a">575 s.</marc:subfield>
			<marc:subfield code="c">22 cm</marc:subfield>
		</marc:datafield>
		<marc:datafield tag="336" ind1=" " ind2=" ">
			<marc:subfield code="a">text</marc:subfield>
			<marc:subfield code="b">t</marc:subfield>
			<marc:subfield code="2">rdacontent</marc:subfield>
			<marc:subfield code="0">http://rdaregistry.info/termList/RDAContentType/1020</marc:subfield>
		</marc:datafield>
		<marc:datafield tag="337" ind1=" " ind2=" ">
			<marc:subfield code="a">unmediated</marc:subfield>
			<marc:subfield code="b">n</marc:subfield>
			<marc:subfield code="2">rdamedia</marc:subfield>
			<marc:subfield code="0">http://rdaregistry.info/termList/RDAMediaType/1007</marc:subfield>
		</marc:datafield>
		<marc:datafield tag="338" ind1=" " ind2=" ">
			<marc:subfield code="a">volume</marc:subfield>
			<marc:subfield code="b">nc</marc:subfield>
			<marc:subfield code="2">rdacarrier</marc:subfield>
			<marc:subfield code="0">http://rdaregistry.info/termList/RDACarrierType/1049</marc:subfield>
		</marc:datafield>
		<marc:datafield tag="380" ind1=" " ind2=" ">
			<marc:subfield code="a">novel</marc:subfield>
			<marc:subfield code="2">marcgt</marc:subfield>
			<marc:subfield code="0">http://id.loc.gov/vocabulary/marcgt/nov</marc:subfield>
		</marc:datafield>
		<marc:datafield tag="500" ind1=" " ind2=" ">
			<marc:subfield code="a">1. norske utg. henholdsvis 1976, 1963 og 1947.</marc:subfield>
		</marc:datafield>
		<marc:datafield tag="505" ind1=" " ind2=" ">
			<marc:subfield code="a">Innhold: De dødes advokat, Den fjerde rytter og Ti små negerunger</marc:subfield>
		</marc:datafield>
		<marc:datafield tag="506" ind1="0" ind2=" ">
			<marc:subfield code="f">Åpen tilgang</marc:subfield>
		</marc:datafield>
		<marc:datafield tag="533" ind1=" " ind2=" ">
			<marc:subfield code="a">Elektronisk reproduksjon</marc:subfield>
			<marc:subfield code="b">[Norge]</marc:subfield>
			<marc:subfield code="c">Nasjonalbiblioteket Digital</marc:subfield>
			<marc:subfield code="d">2016-11-02</marc:subfield>
		</marc:datafield>
		<marc:datafield tag="655" ind1=" " ind2="4">
			<marc:subfield code="a">Krim</marc:subfield>
		</marc:datafield>
		<marc:datafield tag="700" ind1="1" ind2=" ">
			<marc:subfield code="a">Goplen, Ådne,</marc:subfield>
			<marc:subfield code="d">1935-2002</marc:subfield>
			<marc:subfield code="4">trl</marc:subfield>
			<marc:subfield code="0">http://viaf.org/viaf/30236183</marc:subfield>
		</marc:datafield>
		<marc:datafield tag="700" ind1="1" ind2=" ">
			<marc:subfield code="a">Christensen, Jan.</marc:subfield>
			<marc:subfield code="4">trl</marc:subfield>
			<marc:subfield code="0">http://viaf.org/viaf/9161089</marc:subfield>
		</marc:datafield>
		<marc:datafield tag="700" ind1="1" ind2=" ">
			<marc:subfield code="a">Malling, Liv.</marc:subfield>
			<marc:subfield code="4">trl</marc:subfield>
			<marc:subfield code="0">http://viaf.org/viaf/30549876</marc:subfield>
		</marc:datafield>
		<marc:datafield tag="700" ind1="0" ind2="2">
			<marc:subfield code="t">De dødes advokat</marc:subfield>
			<marc:subfield code="0">http://viaf.org/viaf/1214150470086004330008</marc:subfield>
		</marc:datafield>
		<marc:datafield tag="700" ind1="0" ind2="2">
			<marc:subfield code="t">Den fjerde rytter</marc:subfield>
			<marc:subfield code="0">http://viaf.org/viaf/224417311</marc:subfield>
		</marc:datafield>
		<marc:datafield tag="700" ind1="0" ind2="2">
			<marc:subfield code="t">Ti små negerunger</marc:subfield>
			<marc:subfield code="0">http://viaf.org/viaf/313145424580486831117</marc:subfield>
		</marc:datafield>
		<marc:datafield tag="773" ind1="0" ind2="8">
			<marc:subfield code="i">Inkludert i</marc:subfield>
			<marc:subfield code="a">Christie, Agatha, 1890-1976</marc:subfield>
			<marc:subfield code="s">Verker. Norsk</marc:subfield>
			<marc:subfield code="t">Agatha Christies beste</marc:subfield>
			<marc:subfield code="d">Oslo : Aschehoug, 1983-1985</marc:subfield>
			<marc:subfield code="g">11</marc:subfield>
			<marc:subfield code="z">8203150004</marc:subfield>
			<marc:subfield code="w">998521890284702201</marc:subfield>
		</marc:datafield>
	</marc:record>