
	<marc:record>
		<marc:leader>00831cam a2200241 c 4500</marc:leader>
		<marc:controlfield tag="001">999920182232002201</marc:controlfield>
		<marc:controlfield tag="005">20181009101203.0</marc:controlfield>
		<marc:controlfield tag="007">ta</marc:controlfield>
		<marc:controlfield tag="008">161104s2016 no | |||||000|f nob|</marc:controlfield>
		<marc:datafield tag="020" ind1=" " ind2=" ">
			<marc:subfield code="a">978-82-02-52293-3</marc:subfield>
			<marc:subfield code="q">ib.</marc:subfield>
			<marc:subfield code="q">Cappelen Damm</marc:subfield>
			<marc:subfield code="c">Nkr 399.00</marc:subfield>
		</marc:datafield>
		<marc:datafield tag="020" ind1=" " ind2=" ">
			<marc:subfield code="a">978-82-525-8709-8</marc:subfield>
			<marc:subfield code="q">ib.</marc:subfield>
			<marc:subfield code="q">Bokklubben</marc:subfield>
		</marc:datafield>
		<marc:datafield tag="041" ind1="1" ind2=" ">
			<marc:subfield code="a">nob</marc:subfield>
			<marc:subfield code="h">swe</marc:subfield>
		</marc:datafield>
		<marc:datafield tag="100" ind1="1" ind2=" ">
			<marc:subfield code="a">Kepler, Lars</marc:subfield>
			<marc:subfield code="0">http://viaf.org/viaf/95139216</marc:subfield>
			<marc:subfield code="4">aut</marc:subfield>
		</marc:datafield>
		<marc:datafield tag="245" ind1="1" ind2="0">
			<marc:subfield code="a">Kaninjegeren :</marc:subfield>
			<marc:subfield code="b">kriminalroman</marc:subfield>
			<marc:subfield code="c">Lars Kepler ; oversatt av Henning J. Gundersen</marc:subfield>
		</marc:datafield>
		<marc:datafield tag="240" ind1="1" ind2=" ">
			<marc:subfield code="a">Kaninjägaren</marc:subfield>
			<marc:subfield code="0">http://viaf.org/viaf/3474149368795585980005</marc:subfield>
		</marc:datafield>
		<marc:datafield tag="260" ind1=" " ind2=" ">
			<marc:subfield code="c">2016</marc:subfield>
			<marc:subfield code="a">[Oslo]</marc:subfield>
			<marc:subfield code="b">Cappelen Damm</marc:subfield>
		</marc:datafield>
		<marc:datafield tag="300" ind1=" " ind2=" ">
			<marc:subfield code="a">520 s.</marc:subfield>
			<marc:subfield code="c">21 cm</marc:subfield>
		</marc:datafield>
		<marc:datafield tag="336" ind1=" " ind2=" ">
			<marc:subfield code="a">text</marc:subfield>
			<marc:subfield code="b">t</marc:subfield>
			<marc:subfield code="2">rdacontent</marc:subfield>
			<marc:subfield code="0">http://rdaregistry.info/termList/RDAContentType/1020</marc:subfield>
		</marc:datafield>
		<marc:datafield tag="337" ind1=" " ind2=" ">
			<marc:subfield code="a">unmediated</marc:subfield>
			<marc:subfield code="b">n</marc:subfield>
			<marc:subfield code="2">rdamedia</marc:subfield>
			<marc:subfield code="0">http://rdaregistry.info/termList/RDAMediaType/1007</marc:subfield>
		</marc:datafield>
		<marc:datafield tag="338" ind1=" " ind2=" ">
			<marc:subfield code="a">volume</marc:subfield>
			<marc:subfield code="b">nc</marc:subfield>
			<marc:subfield code="2">rdacarrier</marc:subfield>
			<marc:subfield code="0">http://rdaregistry.info/termList/RDACarrierType/1049</marc:subfield>
		</marc:datafield>
		<marc:datafield tag="380" ind1=" " ind2=" ">
			<marc:subfield code="a">novel</marc:subfield>
			<marc:subfield code="2">marcgt</marc:subfield>
			<marc:subfield code="0">http://id.loc.gov/vocabulary/marcgt/nov</marc:subfield>
		</marc:datafield>
		<marc:datafield tag="440" ind1="1" ind2=" ">
			<marc:subfield code="a">Joona Linna</marc:subfield>
		</marc:datafield>
		<marc:datafield tag="490" ind1="1" ind2=" ">
			<marc:subfield code="a">Joona Linna</marc:subfield>
			<marc:subfield code="v">6</marc:subfield>
		</marc:datafield>
		<marc:datafield tag="500" ind1=" " ind2=" ">
			<marc:subfield code="a">Deler av opplaget også med Bokklubbens ISBN</marc:subfield>
		</marc:datafield>
		<marc:datafield tag="655" ind1=" " ind2="0">
			<marc:subfield code="a">Krim</marc:subfield>
		</marc:datafield>
		<marc:datafield tag="700" ind1="1" ind2=" ">
			<marc:subfield code="a">Gundersen, Henning J.</marc:subfield>
			<marc:subfield code="d">1958-</marc:subfield>
			<marc:subfield code="q">(Henning Jørgen)</marc:subfield>
			<marc:subfield code="0">http://viaf.org/viaf/5145970159432251320</marc:subfield>
			<marc:subfield code="4">trl</marc:subfield>
		</marc:datafield>
		<marc:datafield tag="800" ind1="1" ind2=" ">
			<marc:subfield code="a">Kepler, Lars</marc:subfield>
			<marc:subfield code="4">aut</marc:subfield>
			<marc:subfield code="t">Joona Linna</marc:subfield>
			<marc:subfield code="v">6</marc:subfield>
			<marc:subfield code="0">http://viaf.org/viaf/434152140016511100000</marc:subfield>
		</marc:datafield>
	</marc:record>