
	<marc:record>
		<marc:leader>00948cam a2200301 c 4500</marc:leader>
		<marc:controlfield tag="001">999801966804702201</marc:controlfield>
		<marc:controlfield tag="005">20160622164530.0</marc:controlfield>
		<marc:controlfield tag="007">ta</marc:controlfield>
		<marc:controlfield tag="007">cr||||||||||||</marc:controlfield>
		<marc:controlfield tag="008">110926s1998 no#||||| |||||000|1|nob|</marc:controlfield>
		<marc:datafield tag="015" ind1=" " ind2=" ">
			<marc:subfield code="a">9805503</marc:subfield>
			<marc:subfield code="2">nbf</marc:subfield>
		</marc:datafield>
		<marc:datafield tag="020" ind1=" " ind2=" ">
			<marc:subfield code="a">8205253838</marc:subfield>
			<marc:subfield code="q">h.</marc:subfield>
			<marc:subfield code="c">Nkr 66.00</marc:subfield>
		</marc:datafield>
		<marc:datafield tag="041" ind1="1" ind2=" ">
			<marc:subfield code="h">eng</marc:subfield>
		</marc:datafield>
		<marc:datafield tag="100" ind1="1" ind2=" ">
			<marc:subfield code="a">Cornwell, Patricia Daniels.</marc:subfield>
			<marc:subfield code="0">http://viaf.org/viaf/36976332</marc:subfield>
			<marc:subfield code="4">aut</marc:subfield>
		</marc:datafield>
		<marc:datafield tag="245" ind1="1" ind2="0">
			<marc:subfield code="a">Det som blir igjen</marc:subfield>
			<marc:subfield code="c">Patricia Daniels Cornwell ; oversatt av Arne-Carsten Carlsen</marc:subfield>
		</marc:datafield>
		<marc:datafield tag="240" ind1="1" ind2=" ">
			<marc:subfield code="a">All that remains</marc:subfield>
			<marc:subfield code="0">http://viaf.org/viaf/1038154501937639210004</marc:subfield>
		</marc:datafield>
		<marc:datafield tag="250" ind1=" " ind2=" ">
			<marc:subfield code="a">3. utg.</marc:subfield>
		</marc:datafield>
		<marc:datafield tag="260" ind1=" " ind2=" ">
			<marc:subfield code="a">[Oslo]</marc:subfield>
			<marc:subfield code="b">Gyldendal</marc:subfield>
			<marc:subfield code="c">1998</marc:subfield>
		</marc:datafield>
		<marc:datafield tag="300" ind1=" " ind2=" ">
			<marc:subfield code="a">310 s.</marc:subfield>
		</marc:datafield>
		<marc:datafield tag="336" ind1=" " ind2=" ">
			<marc:subfield code="a">text</marc:subfield>
			<marc:subfield code="b">t</marc:subfield>
			<marc:subfield code="2">rdacontent</marc:subfield>
			<marc:subfield code="0">http://rdaregistry.info/termList/RDAContentType/1020</marc:subfield>
		</marc:datafield>
		<marc:datafield tag="337" ind1=" " ind2=" ">
			<marc:subfield code="a">unmediated</marc:subfield>
			<marc:subfield code="b">n</marc:subfield>
			<marc:subfield code="2">rdamedia</marc:subfield>
			<marc:subfield code="0">http://rdaregistry.info/termList/RDAMediaType/1007</marc:subfield>
		</marc:datafield>
		<marc:datafield tag="338" ind1=" " ind2=" ">
			<marc:subfield code="a">volume</marc:subfield>
			<marc:subfield code="b">nc</marc:subfield>
			<marc:subfield code="2">rdacarrier</marc:subfield>
			<marc:subfield code="0">http://rdaregistry.info/termList/RDACarrierType/1049</marc:subfield>
		</marc:datafield>
		<marc:datafield tag="380" ind1=" " ind2=" ">
			<marc:subfield code="a">novel</marc:subfield>
			<marc:subfield code="2">marcgt</marc:subfield>
			<marc:subfield code="0">http://id.loc.gov/vocabulary/marcgt/nov</marc:subfield>
		</marc:datafield>
		<marc:datafield tag="440" ind1="1" ind2=" ">
			<marc:subfield code="a">Kay Scarpetta</marc:subfield>
		</marc:datafield>
		<marc:datafield tag="490" ind1="1" ind2=" ">
			<marc:subfield code="a">Kay Scarpetta</marc:subfield>
			<marc:subfield code="v">3</marc:subfield>
		</marc:datafield>
		<marc:datafield tag="500" ind1=" " ind2=" ">
			<marc:subfield code="a">1. norske utg. 1993</marc:subfield>
		</marc:datafield>
		<marc:datafield tag="500" ind1=" " ind2=" ">
			<marc:subfield code="a">Opplagshistorikk: 3. utg., 2. oppl. 2001 (Nkr 79.00)</marc:subfield>
		</marc:datafield>
		<marc:datafield tag="506" ind1="0" ind2=" ">
			<marc:subfield code="f">Åpen tilgang</marc:subfield>
		</marc:datafield>
		<marc:datafield tag="533" ind1=" " ind2=" ">
			<marc:subfield code="a">Elektronisk reproduksjon</marc:subfield>
			<marc:subfield code="b">[Norge]</marc:subfield>
			<marc:subfield code="c">Nasjonalbiblioteket Digital</marc:subfield>
			<marc:subfield code="d">2009-08-30</marc:subfield>
		</marc:datafield>
		<marc:datafield tag="655" ind1=" " ind2=" ">
			<marc:subfield code="a">Krim</marc:subfield>
		</marc:datafield>
		<marc:datafield tag="700" ind1="1" ind2=" ">
			<marc:subfield code="a">Carlsen, Arne-Carsten</marc:subfield>
			<marc:subfield code="4">trl</marc:subfield>
			<marc:subfield code="0">http://viaf.org/viaf/73012838</marc:subfield>
		</marc:datafield>
		<marc:datafield tag="800" ind1="1" ind2=" ">
			<marc:subfield code="a">Cornwell, Patricia Daniels</marc:subfield>
			<marc:subfield code="t">Kay Scarpetta</marc:subfield>
			<marc:subfield code="v">3</marc:subfield>
			<marc:subfield code="0">http://viaf.org/viaf/176495392</marc:subfield>
		</marc:datafield>
	</marc:record>