
	<marc:record>
		<marc:leader>00683nam a22001570  450</marc:leader>
		<marc:controlfield tag="001">42387312</marc:controlfield>
		<marc:controlfield tag="005">20010128224732.0</marc:controlfield>
		<marc:controlfield tag="008">000000r20002000no            00| f nor d</marc:controlfield>
		<marc:datafield tag="020" ind1=" " ind2=" ">
			<marc:subfield code="a">8203183425</marc:subfield>
			<marc:subfield code="c">kr. 410,00</marc:subfield>
		</marc:datafield>
		<marc:datafield tag="100" ind1="1" ind2=" ">
			<marc:subfield code="a">Nesbø, Jo.</marc:subfield>
			<marc:subfield code="0">http://viaf.org/viaf/44460209</marc:subfield>
			<marc:subfield code="4">aut</marc:subfield>
		</marc:datafield>
		<marc:datafield tag="240" ind1="1" ind2="0">
			<marc:subfield code="a">Rødstrupe.</marc:subfield>
			<marc:subfield code="0">http://viaf.org/viaf/1765145424612186831344</marc:subfield>
		</marc:datafield>
		<marc:datafield tag="245" ind1="1" ind2="0">
			<marc:subfield code="a">Rødstrupe /</marc:subfield>
			<marc:subfield code="c">Jo Nesbø</marc:subfield>
		</marc:datafield>
		<marc:datafield tag="250" ind1=" " ind2=" ">
			<marc:subfield code="a">3. opplag.</marc:subfield>
		</marc:datafield>
		<marc:datafield tag="260" ind1=" " ind2=" ">
			<marc:subfield code="a">Oslo :</marc:subfield>
			<marc:subfield code="b">Aschehoug,</marc:subfield>
			<marc:subfield code="c">2000.</marc:subfield>
		</marc:datafield>
		<marc:datafield tag="300" ind1=" " ind2=" ">
			<marc:subfield code="a">432 sider.</marc:subfield>
		</marc:datafield>
		<marc:datafield tag="336" ind1=" " ind2=" ">
			<marc:subfield code="a">text</marc:subfield>
			<marc:subfield code="b">t</marc:subfield>
			<marc:subfield code="2">rdacontent</marc:subfield>
			<marc:subfield code="0">http://rdaregistry.info/termList/RDAContentType/1020</marc:subfield>
		</marc:datafield>
		<marc:datafield tag="337" ind1=" " ind2=" ">
			<marc:subfield code="a">unmediated</marc:subfield>
			<marc:subfield code="b">n</marc:subfield>
			<marc:subfield code="2">rdamedia</marc:subfield>
			<marc:subfield code="0">http://rdaregistry.info/termList/RDAMediaType/1007</marc:subfield>
		</marc:datafield>
		<marc:datafield tag="338" ind1=" " ind2=" ">
			<marc:subfield code="a">volume</marc:subfield>
			<marc:subfield code="b">nc</marc:subfield>
			<marc:subfield code="2">rdacarrier</marc:subfield>
			<marc:subfield code="0">http://rdaregistry.info/termList/RDACarrierType/1049</marc:subfield>
		</marc:datafield>
		<marc:datafield tag="380" ind1=" " ind2=" ">
			<marc:subfield code="a">novel</marc:subfield>
			<marc:subfield code="2">marcgt</marc:subfield>
			<marc:subfield code="0">http://id.loc.gov/vocabulary/marcgt/nov</marc:subfield>
		</marc:datafield>
		<marc:datafield tag="440" ind1="1" ind2=" ">
			<marc:subfield code="a">Harry Hole</marc:subfield>
		</marc:datafield>
		<marc:datafield tag="490" ind1="1" ind2=" ">
			<marc:subfield code="a">Harry Hole</marc:subfield>
			<marc:subfield code="v">3</marc:subfield>
		</marc:datafield>
		<marc:datafield tag="520" ind1="8" ind2=" ">
			<marc:subfield code="a">Kriminalroman. I Johannesburg er en vb̄enliga blevet optrevlet og det viser sig, at en attentatriffel er havnet i Oslo. Harry Hole bliver sat p ̄sagen og fl̜ger sporene til det nynazistiske milj ̜og snart helt tilbage til de norske frivillige p ̄#xd8;stfronten da en af dem findes dd̜ med overskr̄et strube.</marc:subfield>
		</marc:datafield>
		<marc:datafield tag="534" ind1=" " ind2=" ">
			<marc:subfield code="a">Originalutgave: 2000.</marc:subfield>
		</marc:datafield>
		<marc:datafield tag="655" ind1=" " ind2="4">
			<marc:subfield code="a">Krim</marc:subfield>
		</marc:datafield>
		<marc:datafield tag="650" ind1=" " ind2="4">
			<marc:subfield code="a">Norge.</marc:subfield>
		</marc:datafield>
		<marc:datafield tag="800" ind1="1" ind2=" ">
			<marc:subfield code="a">Nesbø, Jo</marc:subfield>
			<marc:subfield code="4">aut</marc:subfield>
			<marc:subfield code="t">Harry Hole</marc:subfield>
			<marc:subfield code="v">1</marc:subfield>
			<marc:subfield code="0">http://viaf.org/viaf/174877157</marc:subfield>
		</marc:datafield>
	</marc:record>