
	<marc:record>
		<marc:leader>00801nam a22002290  450</marc:leader>
		<marc:controlfield tag="001">22375725</marc:controlfield>
		<marc:controlfield tag="005">20100210121954.0</marc:controlfield>
		<marc:controlfield tag="008">000000s1999    dk            00| f dan d</marc:controlfield>
		<marc:datafield tag="020" ind1=" " ind2=" ">
			<marc:subfield code="a">8777248228 (hf.)</marc:subfield>
			<marc:subfield code="c">kr. 335,00</marc:subfield>
		</marc:datafield>
		<marc:datafield tag="041" ind1="1" ind2=" ">
			<marc:subfield code="a">dan</marc:subfield>
			<marc:subfield code="h">nor</marc:subfield>
		</marc:datafield>
		<marc:datafield tag="100" ind1="1" ind2=" ">
			<marc:subfield code="a">Fossum, Karin.</marc:subfield>
			<marc:subfield code="0">http://viaf.org/viaf/120627630</marc:subfield>
			<marc:subfield code="4">aut</marc:subfield>
		</marc:datafield>
		<marc:datafield tag="240" ind1="1" ind2="0">
			<marc:subfield code="a">Se deg ikke tilbake!.</marc:subfield>
			<marc:subfield code="0">http://viaf.org/viaf/9129151051843933530004</marc:subfield>
		</marc:datafield>
		<marc:datafield tag="245" ind1="1" ind2="0">
			<marc:subfield code="a">Se dig ikke tilbage /</marc:subfield>
			<marc:subfield code="c">Karin Fossum ; oversat af Alf Andersen.</marc:subfield>
		</marc:datafield>
		<marc:datafield tag="250" ind1=" " ind2=" ">
			<marc:subfield code="a">1. udgave.</marc:subfield>
		</marc:datafield>
		<marc:datafield tag="260" ind1=" " ind2=" ">
			<marc:subfield code="a">Århus :</marc:subfield>
			<marc:subfield code="b">Klim,</marc:subfield>
			<marc:subfield code="c">1999.</marc:subfield>
		</marc:datafield>
		<marc:datafield tag="300" ind1=" " ind2=" ">
			<marc:subfield code="a">298 sider.</marc:subfield>
		</marc:datafield>
		<marc:datafield tag="336" ind1=" " ind2=" ">
			<marc:subfield code="a">text</marc:subfield>
			<marc:subfield code="b">t</marc:subfield>
			<marc:subfield code="2">rdacontent</marc:subfield>
			<marc:subfield code="0">http://rdaregistry.info/termList/RDAContentType/1020</marc:subfield>
		</marc:datafield>
		<marc:datafield tag="337" ind1=" " ind2=" ">
			<marc:subfield code="a">unmediated</marc:subfield>
			<marc:subfield code="b">n</marc:subfield>
			<marc:subfield code="2">rdamedia</marc:subfield>
			<marc:subfield code="0">http://rdaregistry.info/termList/RDAMediaType/1007</marc:subfield>
		</marc:datafield>
		<marc:datafield tag="338" ind1=" " ind2=" ">
			<marc:subfield code="a">volume</marc:subfield>
			<marc:subfield code="b">nc</marc:subfield>
			<marc:subfield code="2">rdacarrier</marc:subfield>
			<marc:subfield code="0">http://rdaregistry.info/termList/RDACarrierType/1049</marc:subfield>
		</marc:datafield>
		<marc:datafield tag="380" ind1=" " ind2=" ">
			<marc:subfield code="a">novel</marc:subfield>
			<marc:subfield code="2">marcgt</marc:subfield>
			<marc:subfield code="0">http://id.loc.gov/vocabulary/marcgt/nov</marc:subfield>
		</marc:datafield>
		<marc:datafield tag="440" ind1="1" ind2=" ">
			<marc:subfield code="a">Konrad Sejer</marc:subfield>
		</marc:datafield>
		<marc:datafield tag="490" ind1="1" ind2=" ">
			<marc:subfield code="a">Konrad Sejer</marc:subfield>
			<marc:subfield code="v">2</marc:subfield>
		</marc:datafield>
		<marc:datafield tag="500" ind1=" " ind2=" ">
			<marc:subfield code="a">Krimserien med: Konrad Sejer ; 2.</marc:subfield>
		</marc:datafield>
		<marc:datafield tag="520" ind1="8" ind2=" ">
			<marc:subfield code="a">Kriminalroman. Liget af en teenage-pige bliver fundet i udkanten af en lille by syd for Oslo, hvor alle kender alle. Fr̜stebetjent Konrad Sejer skal i gang med en vanskelig sag.</marc:subfield>
		</marc:datafield>
		<marc:datafield tag="534" ind1=" " ind2=" ">
			<marc:subfield code="a">Originaludgave: 1996.</marc:subfield>
		</marc:datafield>
		<marc:datafield tag="655" ind1=" " ind2="4">
			<marc:subfield code="a">Krim</marc:subfield>
		</marc:datafield>
		<marc:datafield tag="700" ind1="1" ind2=" ">
			<marc:subfield code="a">Andersen, Alf</marc:subfield>
			<marc:subfield code="0">http://viaf.org/viaf/315149196481474791699</marc:subfield>
			<marc:subfield code="4">trl</marc:subfield>
		</marc:datafield>
		<marc:datafield tag="800" ind1="1" ind2=" ">
			<marc:subfield code="a">Fossum, Karin</marc:subfield>
			<marc:subfield code="4">aut</marc:subfield>
			<marc:subfield code="t">Konrad Sejer</marc:subfield>
			<marc:subfield code="v">2</marc:subfield>
		</marc:datafield>
	</marc:record>