
	<marc:record>
		<marc:leader>01096cam a22001933a 4500</marc:leader>
		<marc:controlfield tag="001">3cw9886s1t5dv5tk</marc:controlfield>
		<marc:controlfield tag="003">LIBRIS</marc:controlfield>
		<marc:controlfield tag="005">20190213113744.0</marc:controlfield>
		<marc:controlfield tag="007">cr |||   |||||         </marc:controlfield>
		<marc:controlfield tag="008">190213s2019    xx |||||o|||||000 ||fin|d</marc:controlfield>
		<marc:datafield tag="020" ind1=" " ind2=" ">
			<marc:subfield code="a">9789511305217</marc:subfield>
		</marc:datafield>
		<marc:datafield tag="041" ind1=" " ind2=" ">
			<marc:subfield code="a">fin</marc:subfield>
			<marc:subfield code="h">eng</marc:subfield>
		</marc:datafield>
		<marc:datafield tag="100" ind1="1" ind2=" ">
			<marc:subfield code="a">Cornwell, Patricia Daniels</marc:subfield>
			<marc:subfield code="0">http://viaf.org/viaf/36976332</marc:subfield>
			<marc:subfield code="4">aut</marc:subfield>
		</marc:datafield>
		<marc:datafield tag="240" ind1="1" ind2="0">
			<marc:subfield code="a">Depraved heart</marc:subfield>
			<marc:subfield code="l">Finska</marc:subfield>
			<marc:subfield code="0">http://viaf.org/viaf/48145066990566631081</marc:subfield>
		</marc:datafield>
		<marc:datafield tag="245" ind1="1" ind2="0">
			<marc:subfield code="a">Riistetty</marc:subfield>
			<marc:subfield code="c">Patricia Daniels Cornwell</marc:subfield>
		</marc:datafield>
		<marc:datafield tag="260" ind1=" " ind2="1">
			<marc:subfield code="b">Otava</marc:subfield>
			<marc:subfield code="c">2019</marc:subfield>
		</marc:datafield>
		<marc:datafield tag="300" ind1=" " ind2=" ">
			<marc:subfield code="a">413 sider</marc:subfield>
		</marc:datafield>
		<marc:datafield tag="336" ind1=" " ind2=" ">
			<marc:subfield code="a">text</marc:subfield>
			<marc:subfield code="b">t</marc:subfield>
			<marc:subfield code="2">rdacontent</marc:subfield>
			<marc:subfield code="0">http://rdaregistry.info/termList/RDAContentType/1020 </marc:subfield>
		</marc:datafield>
		<marc:datafield tag="337" ind1=" " ind2=" ">
			<marc:subfield code="a">computer</marc:subfield>
			<marc:subfield code="b"/>
			<marc:subfield code="2">rdamedia</marc:subfield>
			<marc:subfield code="0">http://rdaregistry.info/termList/RDAMediaType/1003</marc:subfield>
		</marc:datafield>
		<marc:datafield tag="338" ind1=" " ind2=" ">
			<marc:subfield code="a">online resource</marc:subfield>
			<marc:subfield code="b"/>
			<marc:subfield code="2">rdacarrier</marc:subfield>
			<marc:subfield code="0">http://rdaregistry.info/termList/RDACarrierType/1018</marc:subfield>
		</marc:datafield>
		<marc:datafield tag="380" ind1=" " ind2=" ">
			<marc:subfield code="a">novel</marc:subfield>
			<marc:subfield code="2">marcgt</marc:subfield>
			<marc:subfield code="0">http://id.loc.gov/vocabulary/marcgt/nov</marc:subfield>
		</marc:datafield>
		<marc:datafield tag="440" ind1="1" ind2=" ">
			<marc:subfield code="a">Kay Scarpetta</marc:subfield>
		</marc:datafield>
		<marc:datafield tag="490" ind1="1" ind2=" ">
			<marc:subfield code="a">Kay Scarpetta</marc:subfield>
			<marc:subfield code="v">23</marc:subfield>
		</marc:datafield>
		<marc:datafield tag="520" ind1=" " ind2=" ">
			<marc:subfield code="a">Kuka haluaa tuhota Scarpettan sisarentyttr̃en Lucyn elm̃ñ?  Kay Scarpettan tyn̲ mahdollisella murhapaikalla keskeytt ̃̃tekstiviesti. Viesti sisl̃t ̃̃jr̃kyttṽñ videolinkin, valvontakamerakuvaa parin vuosikymmenen takaa. Klipiss ̃nỹtt ̃̃olevan sisarentytr̃ Lucy, joka on Kaylle kuin oma tytr̃. Klippej ̃tulee lis ̃̃ja ne uhkaavat suistaa Scarpettan elm̃ñ raiteiltaan. Hñ ei voi uskoutua edes FBI-agenttina tys̲kentelevl̃le miehelleen  saati Lucylle. Uudessa romaanissaan Cornwell kietoo rakastetut hahmonsa psykologisen trillerin piinaavaan kehñ̃.  Tm̃ ̃sh̃kk̲irja toimii ePub-formaattia tukevilla lukuohjelmilla. [Elib]</marc:subfield>
		</marc:datafield>
		<marc:datafield tag="655" ind1=" " ind2="4">
			<marc:subfield code="a">E-bok</marc:subfield>
		</marc:datafield>
		<marc:datafield tag="655" ind1=" " ind2="4">
			<marc:subfield code="a">Krim</marc:subfield>
		</marc:datafield>
		<marc:datafield tag="700" ind1="1" ind2=" ">
			<marc:subfield code="a">Rimpeläinen, Karri</marc:subfield>
			<marc:subfield code="4">trl</marc:subfield>
		</marc:datafield>
		<marc:datafield tag="800" ind1="1" ind2=" ">
			<marc:subfield code="a">Cornwell, Patricia Daniels</marc:subfield>
			<marc:subfield code="4">aut</marc:subfield>
			<marc:subfield code="t">Kay Scarpetta</marc:subfield>
			<marc:subfield code="v">23</marc:subfield>
			<marc:subfield code="0">http://viaf.org/viaf/176495392</marc:subfield>
		</marc:datafield>
	</marc:record>