
	<marc:record>
		<marc:leader>00375cam a22001455a 4500</marc:leader>
		<marc:controlfield tag="001">mw1zvl9zk1grpf3z</marc:controlfield>
		<marc:controlfield tag="003">LIBRIS</marc:controlfield>
		<marc:controlfield tag="005">20181105090217.0</marc:controlfield>
		<marc:controlfield tag="008">181105s2017    xx |||||||||||000 ||spa|c</marc:controlfield>
		<marc:datafield tag="020" ind1=" " ind2=" ">
			<marc:subfield code="a">9788490702956</marc:subfield>
		</marc:datafield>
		<marc:datafield tag="041" ind1=" " ind2=" ">
			<marc:subfield code="a">spa</marc:subfield>
			<marc:subfield code="h">eng</marc:subfield>
		</marc:datafield>
		<marc:datafield tag="100" ind1="1" ind2=" ">
			<marc:subfield code="a">Cornwell, Patricia Daniels</marc:subfield>
			<marc:subfield code="0">http://viaf.org/viaf/36976332</marc:subfield>
			<marc:subfield code="4">aut</marc:subfield>
		</marc:datafield>
		<marc:datafield tag="240" ind1="1" ind2="0">
			<marc:subfield code="a">Body of evidence</marc:subfield>
			<marc:subfield code="l">Spanska</marc:subfield>
			<marc:subfield code="0">http://viaf.org/viaf/3771149844952202960005</marc:subfield>
		</marc:datafield>
		<marc:datafield tag="245" ind1="1" ind2="0">
			<marc:subfield code="a">El cuerpo del delito</marc:subfield>
			<marc:subfield code="c">Patricia Daniels Cornwell</marc:subfield>
		</marc:datafield>
		<marc:datafield tag="260" ind1=" " ind2="1">
			<marc:subfield code="a">B de Bolsillo</marc:subfield>
			<marc:subfield code="c">2017</marc:subfield>
		</marc:datafield>
		<marc:datafield tag="300" ind1=" " ind2=" ">
			<marc:subfield code="a">367 sider</marc:subfield>
		</marc:datafield>
		<marc:datafield tag="336" ind1=" " ind2=" ">
			<marc:subfield code="a">text</marc:subfield>
			<marc:subfield code="b">t</marc:subfield>
			<marc:subfield code="2">rdacontent</marc:subfield>
			<marc:subfield code="0">http://rdaregistry.info/termList/RDAContentType/1020 </marc:subfield>
		</marc:datafield>
		<marc:datafield tag="337" ind1=" " ind2=" ">
			<marc:subfield code="a">computer</marc:subfield>
			<marc:subfield code="b"/>
			<marc:subfield code="2">rdamedia</marc:subfield>
			<marc:subfield code="0">http://rdaregistry.info/termList/RDAMediaType/1003</marc:subfield>
		</marc:datafield>
		<marc:datafield tag="338" ind1=" " ind2=" ">
			<marc:subfield code="a">online resource</marc:subfield>
			<marc:subfield code="b"/>
			<marc:subfield code="2">rdacarrier</marc:subfield>
			<marc:subfield code="0">http://rdaregistry.info/termList/RDACarrierType/1018</marc:subfield>
		</marc:datafield>
		<marc:datafield tag="380" ind1=" " ind2=" ">
			<marc:subfield code="a">novel</marc:subfield>
			<marc:subfield code="2">marcgt</marc:subfield>
			<marc:subfield code="0">http://id.loc.gov/vocabulary/marcgt/nov</marc:subfield>
		</marc:datafield>
		<marc:datafield tag="440" ind1="1" ind2=" ">
			<marc:subfield code="a">Kay Scarpetta</marc:subfield>
		</marc:datafield>
		<marc:datafield tag="490" ind1=" " ind2=" ">
			<marc:subfield code="a">Kay Scarpetta</marc:subfield>
			<marc:subfield code="v">2</marc:subfield>
		</marc:datafield>
		<marc:datafield tag="655" ind1=" " ind2="4">
			<marc:subfield code="a">E-bok</marc:subfield>
		</marc:datafield>
		<marc:datafield tag="655" ind1=" " ind2="4">
			<marc:subfield code="a">Krim</marc:subfield>
		</marc:datafield>
		<marc:datafield tag="800" ind1="1" ind2=" ">
			<marc:subfield code="a">Cornwell, Patricia Daniels</marc:subfield>
			<marc:subfield code="t">Kay Scarpetta</marc:subfield>
			<marc:subfield code="v">2</marc:subfield>
			<marc:subfield code="4">aut</marc:subfield>
			<marc:subfield code="0">http://viaf.org/viaf/176495392</marc:subfield>
		</marc:datafield>
	</marc:record>