
	<marc:record>
		<marc:leader>06237cam a22011177i 4500</marc:leader>
		<marc:controlfield tag="001">19s5g5twzsm3c894</marc:controlfield>
		<marc:controlfield tag="003">LIBRIS</marc:controlfield>
		<marc:controlfield tag="005">20190204132706.0</marc:controlfield>
		<marc:controlfield tag="008">190204s2018    ru |||||||||||000 j|rus|d</marc:controlfield>
		<marc:datafield tag="020" ind1=" " ind2=" ">
			<marc:subfield code="a">9785040919864</marc:subfield>
		</marc:datafield>
		<marc:datafield tag="041" ind1="1" ind2=" ">
			<marc:subfield code="a">rus</marc:subfield>
			<marc:subfield code="h">eng</marc:subfield>
		</marc:datafield>
		<marc:datafield tag="100" ind1="1" ind2=" ">
			<marc:subfield code="a">Child, Lee</marc:subfield>
			<marc:subfield code="0">http://viaf.org/viaf/100304282</marc:subfield>
			<marc:subfield code="4">aut</marc:subfield>
		</marc:datafield>
		<marc:datafield tag="240" ind1="1" ind2="0">
			<marc:subfield code="a">Matchup</marc:subfield>
			<marc:subfield code="l">Russisk</marc:subfield>
			<marc:subfield code="0">https://libris.kb.se/ksf8383vhx08hrj1#it</marc:subfield>
		</marc:datafield>
		<marc:datafield tag="245" ind1="1" ind2="0">
			<marc:subfield code="a">Дуэль / Duel</marc:subfield>
			<marc:subfield code="c">Lee Child</marc:subfield>
			<marc:subfield code="c">avtor-sostavitel: Li Cajld ; Goldic V., Oganesova I., perevod na russkij jazyk.</marc:subfield>
		</marc:datafield>
		<marc:datafield tag="260" ind1=" " ind2="1">
			<marc:subfield code="a">Moskva :</marc:subfield>
			<marc:subfield code="b">Eksmo,</marc:subfield>
			<marc:subfield code="c">2018</marc:subfield>
		</marc:datafield>
		<marc:datafield tag="300" ind1=" " ind2=" ">
			<marc:subfield code="a">477 sider</marc:subfield>
			<marc:subfield code="c">22 cm</marc:subfield>
		</marc:datafield>
		<marc:datafield tag="336" ind1=" " ind2=" ">
			<marc:subfield code="a">text</marc:subfield>
			<marc:subfield code="b">t</marc:subfield>
			<marc:subfield code="2">rdacontent</marc:subfield>
			<marc:subfield code="0">http://rdaregistry.info/termList/RDAContentType/1020 </marc:subfield>
		</marc:datafield>
		<marc:datafield tag="337" ind1=" " ind2=" ">
			<marc:subfield code="a">unmediated</marc:subfield>
			<marc:subfield code="b"/>
			<marc:subfield code="2">rdamedia</marc:subfield>
			<marc:subfield code="0">http://rdaregistry.info/termList/RDAMediaType/1007</marc:subfield>
		</marc:datafield>
		<marc:datafield tag="338" ind1=" " ind2=" ">
			<marc:subfield code="a">volume</marc:subfield>
			<marc:subfield code="b"/>
			<marc:subfield code="2">rdacarrier</marc:subfield>
			<marc:subfield code="0">http://rdaregistry.info/termList/RDACarrierType/1049</marc:subfield>
		</marc:datafield>
		<marc:datafield tag="380" ind1=" " ind2=" ">
			<marc:subfield code="a">novel</marc:subfield>
			<marc:subfield code="2">marcgt</marc:subfield>
			<marc:subfield code="0">http://id.loc.gov/vocabulary/marcgt/nov</marc:subfield>
		</marc:datafield>
		<marc:datafield tag="520" ind1=" " ind2=" ">
			<marc:subfield code="a">Collects stories written by best-selling thriller authors,11 women and 11 men partnered in male-female literary pairings, in anthology that includes contributions by such favorites as Sandra Brown, John Sandford and Eric Van Lustbader.</marc:subfield>
		</marc:datafield>
		<marc:datafield tag="650" ind1=" " ind2="0">
			<marc:subfield code="a">Thriller</marc:subfield>
		</marc:datafield>
		<marc:datafield tag="655" ind1=" " ind2="7">
			<marc:subfield code="a">Krim</marc:subfield>
		</marc:datafield>
		<marc:datafield tag="655" ind1=" " ind2="7">
			<marc:subfield code="a">Kortprosa</marc:subfield>
		</marc:datafield>
		<marc:datafield tag="655" ind1=" " ind2="7">
			<marc:subfield code="a">Samlingsverk</marc:subfield>
		</marc:datafield>
		<marc:datafield tag="655" ind1=" " ind2="0">
			<marc:subfield code="a">Anthologies.</marc:subfield>
		</marc:datafield>
		<marc:datafield tag="655" ind1=" " ind2="7">
			<marc:subfield code="a">Thriller (Fiction)</marc:subfield>
		</marc:datafield>
		<marc:datafield tag="700" ind1="1" ind2="2">
			<marc:subfield code="i">Container of (expression):</marc:subfield>
			<marc:subfield code="a">Brown, Sandra</marc:subfield>
			<marc:subfield code="d">1948-</marc:subfield>
			<marc:subfield code="t">Honor and...</marc:subfield>
			<marc:subfield code="l">Russian.</marc:subfield>
			<marc:subfield code="0">http://viaf.org/viaf/114156159</marc:subfield>
			<marc:subfield code="4">aut</marc:subfield>
		</marc:datafield>
		<marc:datafield tag="700" ind1="1" ind2="2">
			<marc:subfield code="i">Container of (expression):</marc:subfield>
			<marc:subfield code="a">McDermid, Val.</marc:subfield>
			<marc:subfield code="t">Footloose.</marc:subfield>
			<marc:subfield code="l">Russian.</marc:subfield>
			<marc:subfield code="0">http://viaf.org/viaf/85313207</marc:subfield>
			<marc:subfield code="4">aut</marc:subfield>
		</marc:datafield>
		<marc:datafield tag="700" ind1="1" ind2="2">
			<marc:subfield code="i">Container of (expression):</marc:subfield>
			<marc:subfield code="a">Reichs, Kathy.</marc:subfield>
			<marc:subfield code="t">Faking a murderer.</marc:subfield>
			<marc:subfield code="l">Russian.</marc:subfield>
			<marc:subfield code="0">http://viaf.org/viaf/85377433</marc:subfield>
			<marc:subfield code="4">aut</marc:subfield>
		</marc:datafield>
		<marc:datafield tag="700" ind1="1" ind2="2">
			<marc:subfield code="i">Container of (expression):</marc:subfield>
			<marc:subfield code="a">Gabaldon, Diana.</marc:subfield>
			<marc:subfield code="t">Past prologue.</marc:subfield>
			<marc:subfield code="l">Russian.</marc:subfield>
			<marc:subfield code="0">http://viaf.org/viaf/40164873</marc:subfield>
			<marc:subfield code="4">aut</marc:subfield>
		</marc:datafield>
		<marc:datafield tag="700" ind1="1" ind2="2">
			<marc:subfield code="i">Container of (expression):</marc:subfield>
			<marc:subfield code="a">Lynds, Gayle.</marc:subfield>
			<marc:subfield code="t">Rambo on their minds.</marc:subfield>
			<marc:subfield code="l">Russian.</marc:subfield>
			<marc:subfield code="0">http://viaf.org/viaf/29709080</marc:subfield>
			<marc:subfield code="4">aut</marc:subfield>
		</marc:datafield>
		<marc:datafield tag="700" ind1="1" ind2="2">
			<marc:subfield code="i">Container of (expression):</marc:subfield>
			<marc:subfield code="a">Slaughter, Karin,</marc:subfield>
			<marc:subfield code="d">1971-</marc:subfield>
			<marc:subfield code="t">Short story.</marc:subfield>
			<marc:subfield code="l">Russian.</marc:subfield>
			<marc:subfield code="0">http://viaf.org/viaf/56832090</marc:subfield>
			<marc:subfield code="4">aut</marc:subfield>
		</marc:datafield>
		<marc:datafield tag="700" ind1="1" ind2="2">
			<marc:subfield code="i">Container of (expression):</marc:subfield>
			<marc:subfield code="a">Harris, Charlaine.</marc:subfield>
			<marc:subfield code="t">Dig here.</marc:subfield>
			<marc:subfield code="l">Russian.</marc:subfield>
			<marc:subfield code="0">http://viaf.org/viaf/50289397</marc:subfield>
			<marc:subfield code="4">aut</marc:subfield>
		</marc:datafield>
		<marc:datafield tag="700" ind1="1" ind2="2">
			<marc:subfield code="i">Container of (expression):</marc:subfield>
			<marc:subfield code="a">Jackson, Lisa.</marc:subfield>
			<marc:subfield code="t">Deserves to be dead.</marc:subfield>
			<marc:subfield code="l">Russian.</marc:subfield>
			<marc:subfield code="0">http://viaf.org/viaf/50377559</marc:subfield>
			<marc:subfield code="4">aut</marc:subfield>
		</marc:datafield>
		<marc:datafield tag="700" ind1="1" ind2="2">
			<marc:subfield code="i">Container of (expression):</marc:subfield>
			<marc:subfield code="a">Adrian, Lara.</marc:subfield>
			<marc:subfield code="t">Midnight flame.</marc:subfield>
			<marc:subfield code="l">Russian.</marc:subfield>
			<marc:subfield code="0">http://viaf.org/viaf/55337389</marc:subfield>
			<marc:subfield code="4">aut</marc:subfield>
		</marc:datafield>
		<marc:datafield tag="700" ind1="1" ind2="2">
			<marc:subfield code="i">Container of (expression):</marc:subfield>
			<marc:subfield code="a">Scottoline, Lisa.</marc:subfield>
			<marc:subfield code="t">Getaway.</marc:subfield>
			<marc:subfield code="l">Russian.</marc:subfield>
			<marc:subfield code="0">http://viaf.org/viaf/74583551</marc:subfield>
			<marc:subfield code="4">aut</marc:subfield>
		</marc:datafield>
		<marc:datafield tag="700" ind1="1" ind2="2">
			<marc:subfield code="i">Container of (expression):</marc:subfield>
			<marc:subfield code="a">Jance, Judith A.</marc:subfield>
			<marc:subfield code="t">Taking the veil.</marc:subfield>
			<marc:subfield code="l">Russian.</marc:subfield>
			<marc:subfield code="0">http://viaf.org/viaf/85471804</marc:subfield>
			<marc:subfield code="4">aut</marc:subfield>
		</marc:datafield>
		<marc:datafield tag="700" ind1="1" ind2=" ">
			<marc:subfield code="a">Child, Lee</marc:subfield>
			<marc:subfield code="e">contributor</marc:subfield>
			<marc:subfield code="e">writer of introduction</marc:subfield>
			<marc:subfield code="e">editor.</marc:subfield>
			<marc:subfield code="4">ctb</marc:subfield>
			<marc:subfield code="4">rpy</marc:subfield>
			<marc:subfield code="0">https://libris.kb.se/ljx15zh42gfhvs3#it</marc:subfield>
		</marc:datafield>
		<marc:datafield tag="700" ind1="1" ind2=" ">
			<marc:subfield code="a">Brown, Sandra,</marc:subfield>
			<marc:subfield code="d">1948-</marc:subfield>
			<marc:subfield code="e">contributor.</marc:subfield>
			<marc:subfield code="4">ctb</marc:subfield>
			<marc:subfield code="0">http://viaf.org/viaf/114156159</marc:subfield>
		</marc:datafield>
		<marc:datafield tag="700" ind1="1" ind2=" ">
			<marc:subfield code="a">Box, C. J.</marc:subfield>
			<marc:subfield code="e">contributor.</marc:subfield>
			<marc:subfield code="4">ctb</marc:subfield>
			<marc:subfield code="0">http://viaf.org/viaf/102403163</marc:subfield>
		</marc:datafield>
		<marc:datafield tag="700" ind1="1" ind2=" ">
			<marc:subfield code="a">McDermid, Val</marc:subfield>
			<marc:subfield code="e">contributor.</marc:subfield>
			<marc:subfield code="4">ctb</marc:subfield>
			<marc:subfield code="0">http://viaf.org/viaf/85313207</marc:subfield>
		</marc:datafield>
		<marc:datafield tag="700" ind1="1" ind2=" ">
			<marc:subfield code="a">James, Peter,</marc:subfield>
			<marc:subfield code="d">1948-</marc:subfield>
			<marc:subfield code="e">contributor.</marc:subfield>
			<marc:subfield code="4">ctb</marc:subfield>
			<marc:subfield code="0">http://viaf.org/viaf/9884130</marc:subfield>
		</marc:datafield>
		<marc:datafield tag="700" ind1="1" ind2=" ">
			<marc:subfield code="a">Reichs, Kathy</marc:subfield>
			<marc:subfield code="e">contributor.</marc:subfield>
			<marc:subfield code="4">ctb</marc:subfield>
			<marc:subfield code="0">http://viaf.org/viaf/85377433</marc:subfield>
		</marc:datafield>
		<marc:datafield tag="700" ind1="1" ind2=" ">
			<marc:subfield code="a">Gabaldon, Diana</marc:subfield>
			<marc:subfield code="e">contributor.</marc:subfield>
			<marc:subfield code="4">ctb</marc:subfield>
			<marc:subfield code="0">http://viaf.org/viaf/40164873</marc:subfield>
		</marc:datafield>
		<marc:datafield tag="700" ind1="1" ind2=" ">
			<marc:subfield code="a">Berry, Steve,</marc:subfield>
			<marc:subfield code="d">1955-</marc:subfield>
			<marc:subfield code="e">contributor.</marc:subfield>
			<marc:subfield code="4">ctb</marc:subfield>
			<marc:subfield code="0">http://viaf.org/viaf/85545256</marc:subfield>
		</marc:datafield>
		<marc:datafield tag="700" ind1="1" ind2=" ">
			<marc:subfield code="a">Lynds, Gayle</marc:subfield>
			<marc:subfield code="e">contributor.</marc:subfield>
			<marc:subfield code="4">ctb</marc:subfield>
			<marc:subfield code="0">http://viaf.org/viaf/29709080</marc:subfield>
		</marc:datafield>
		<marc:datafield tag="700" ind1="1" ind2=" ">
			<marc:subfield code="a">Morrell, David,</marc:subfield>
			<marc:subfield code="d">1943-</marc:subfield>
			<marc:subfield code="e">contributor.</marc:subfield>
			<marc:subfield code="4">ctb</marc:subfield>
			<marc:subfield code="0">http://viaf.org/viaf/34460782</marc:subfield>
		</marc:datafield>
		<marc:datafield tag="700" ind1="1" ind2=" ">
			<marc:subfield code="a">Slaughter, Karin,</marc:subfield>
			<marc:subfield code="d">1971-</marc:subfield>
			<marc:subfield code="e">contributor.</marc:subfield>
			<marc:subfield code="4">ctb</marc:subfield>
			<marc:subfield code="0">http://viaf.org/viaf/56832090</marc:subfield>
		</marc:datafield>
		<marc:datafield tag="700" ind1="1" ind2=" ">
			<marc:subfield code="a">Koryta, Michael</marc:subfield>
			<marc:subfield code="e">contributor.</marc:subfield>
			<marc:subfield code="4">ctb</marc:subfield>
			<marc:subfield code="0">http://viaf.org/viaf/27355486</marc:subfield>
		</marc:datafield>
		<marc:datafield tag="700" ind1="1" ind2=" ">
			<marc:subfield code="a">Harris, Charlaine</marc:subfield>
			<marc:subfield code="e">contributor.</marc:subfield>
			<marc:subfield code="4">ctb</marc:subfield>
			<marc:subfield code="0">http://viaf.org/viaf/50289397</marc:subfield>
		</marc:datafield>
		<marc:datafield tag="700" ind1="1" ind2=" ">
			<marc:subfield code="a">Gross, Andrew,</marc:subfield>
			<marc:subfield code="d">1952-</marc:subfield>
			<marc:subfield code="e">contributor.</marc:subfield>
			<marc:subfield code="4">ctb</marc:subfield>
			<marc:subfield code="0">http://viaf.org/viaf/19925927</marc:subfield>
		</marc:datafield>
		<marc:datafield tag="700" ind1="1" ind2=" ">
			<marc:subfield code="a">Jackson, Lisa</marc:subfield>
			<marc:subfield code="e">contributor.</marc:subfield>
			<marc:subfield code="4">ctb</marc:subfield>
			<marc:subfield code="0">http://viaf.org/viaf/50377559</marc:subfield>
		</marc:datafield>
		<marc:datafield tag="700" ind1="1" ind2=" ">
			<marc:subfield code="a">Sandford, John,</marc:subfield>
			<marc:subfield code="d">1944 February 23-</marc:subfield>
			<marc:subfield code="e">contributor.</marc:subfield>
			<marc:subfield code="4">ctb</marc:subfield>
			<marc:subfield code="0">http://viaf.org/viaf/112432108</marc:subfield>
		</marc:datafield>
		<marc:datafield tag="700" ind1="1" ind2=" ">
			<marc:subfield code="a">Adrian, Lara</marc:subfield>
			<marc:subfield code="e">contributor.</marc:subfield>
			<marc:subfield code="4">ctb</marc:subfield>
			<marc:subfield code="0">http://viaf.org/viaf/55337389</marc:subfield>
		</marc:datafield>
		<marc:datafield tag="700" ind1="1" ind2=" ">
			<marc:subfield code="a">Rice, Christopher,</marc:subfield>
			<marc:subfield code="d">1978-</marc:subfield>
			<marc:subfield code="e">contributor.</marc:subfield>
			<marc:subfield code="4">ctb</marc:subfield>
			<marc:subfield code="0">http://viaf.org/viaf/79528999</marc:subfield>
		</marc:datafield>
		<marc:datafield tag="700" ind1="1" ind2=" ">
			<marc:subfield code="a">Scottoline, Lisa</marc:subfield>
			<marc:subfield code="e">contributor.</marc:subfield>
			<marc:subfield code="4">ctb</marc:subfield>
			<marc:subfield code="0">http://viaf.org/viaf/74583551</marc:subfield>
		</marc:datafield>
		<marc:datafield tag="700" ind1="1" ind2=" ">
			<marc:subfield code="a">DeMille, Nelson</marc:subfield>
			<marc:subfield code="e">contributor.</marc:subfield>
			<marc:subfield code="4">ctb</marc:subfield>
			<marc:subfield code="0">http://viaf.org/viaf/107015556</marc:subfield>
		</marc:datafield>
		<marc:datafield tag="700" ind1="1" ind2=" ">
			<marc:subfield code="a">Jance, Judith A.</marc:subfield>
			<marc:subfield code="e">contributor.</marc:subfield>
			<marc:subfield code="4">ctb</marc:subfield>
			<marc:subfield code="0">http://viaf.org/viaf/85471804</marc:subfield>
		</marc:datafield>
		<marc:datafield tag="700" ind1="1" ind2=" ">
			<marc:subfield code="a">Lustbader, Eric Van</marc:subfield>
			<marc:subfield code="e">contributor.</marc:subfield>
			<marc:subfield code="4">ctb</marc:subfield>
			<marc:subfield code="0">http://viaf.org/viaf/99512281</marc:subfield>
		</marc:datafield>
		<marc:datafield tag="700" ind1="1" ind2=" ">
			<marc:subfield code="a">Goldich, V.</marc:subfield>
			<marc:subfield code="e">translator.</marc:subfield>
			<marc:subfield code="4">trl</marc:subfield>
		</marc:datafield>
		<marc:datafield tag="700" ind1="1" ind2=" ">
			<marc:subfield code="a">Oganesova, I.</marc:subfield>
			<marc:subfield code="e">translator.</marc:subfield>
			<marc:subfield code="4">trl</marc:subfield>
		</marc:datafield>
	</marc:record>