
	<marc:record>
		<marc:leader>17720cam a2203121 i 4500</marc:leader>
		<marc:controlfield tag="001">z786l48jw41r0hwh</marc:controlfield>
		<marc:controlfield tag="003">LIBRIS</marc:controlfield>
		<marc:controlfield tag="005">20190211095554.0</marc:controlfield>
		<marc:controlfield tag="008">181010s2019    sw |||||||||||000 j|swe|d</marc:controlfield>
		<marc:datafield tag="020" ind1=" " ind2=" ">
			<marc:subfield code="a">9789113089317</marc:subfield>
			<marc:subfield code="q">inbunden</marc:subfield>
		</marc:datafield>
		<marc:datafield tag="041" ind1="1" ind2=" ">
			<marc:subfield code="a">swe</marc:subfield>
			<marc:subfield code="h">eng</marc:subfield>
		</marc:datafield>
		<marc:datafield tag="100" ind1="1" ind2=" ">
			<marc:subfield code="a">Child, Lee</marc:subfield>
			<marc:subfield code="0">http://viaf.org/viaf/100304282</marc:subfield>
			<marc:subfield code="4">aut</marc:subfield>
		</marc:datafield>
		<marc:datafield tag="240" ind1="1" ind2="0">
			<marc:subfield code="a">No middle name</marc:subfield>
			<marc:subfield code="l">Svenska</marc:subfield>
			<marc:subfield code="0">http://viaf.org/viaf/1305151778204018130007</marc:subfield>
		</marc:datafield>
		<marc:datafield tag="245" ind1="1" ind2="0">
			<marc:subfield code="a">Berättelser om Jack Reacher /</marc:subfield>
			<marc:subfield code="c">Lee Child</marc:subfield>
		</marc:datafield>
		<marc:datafield tag="260" ind1=" " ind2="1">
			<marc:subfield code="a">Stockholm :</marc:subfield>
			<marc:subfield code="b">Norstedts,</marc:subfield>
			<marc:subfield code="c">[2019]</marc:subfield>
		</marc:datafield>
		<marc:datafield tag="300" ind1=" " ind2=" ">
			<marc:subfield code="a">339 sider</marc:subfield>
			<marc:subfield code="c">24 cm</marc:subfield>
		</marc:datafield>
		<marc:datafield tag="336" ind1=" " ind2=" ">
			<marc:subfield code="a">text</marc:subfield>
			<marc:subfield code="b">t</marc:subfield>
			<marc:subfield code="2">rdacontent</marc:subfield>
			<marc:subfield code="0">http://rdaregistry.info/termList/RDAContentType/1020 </marc:subfield>
		</marc:datafield>
		<marc:datafield tag="337" ind1=" " ind2=" ">
			<marc:subfield code="a">unmediated</marc:subfield>
			<marc:subfield code="b"/>
			<marc:subfield code="2">rdamedia</marc:subfield>
			<marc:subfield code="0">http://rdaregistry.info/termList/RDAMediaType/1007</marc:subfield>
		</marc:datafield>
		<marc:datafield tag="338" ind1=" " ind2=" ">
			<marc:subfield code="a">volume</marc:subfield>
			<marc:subfield code="b"/>
			<marc:subfield code="2">rdacarrier</marc:subfield>
			<marc:subfield code="0">http://rdaregistry.info/termList/RDACarrierType/1049</marc:subfield>
		</marc:datafield>
		<marc:datafield tag="380" ind1=" " ind2=" ">
			<marc:subfield code="a">novel</marc:subfield>
			<marc:subfield code="2">marcgt</marc:subfield>
			<marc:subfield code="0">http://id.loc.gov/vocabulary/marcgt/nov</marc:subfield>
		</marc:datafield>
		<marc:datafield tag="505" ind1=" " ind2=" ">
			<marc:subfield code="a">1. Too much time -- 2. Second son -- 3. High heat -- 4. Deep down -- 5. Small wars -- 6. James Penney’s new identity -- 7. Everyone talks -- 8. Not a drill -- 9. Maybe they have a tradition -- 10. Guy walks into a bar -- 11. No room at the motel -- 12. The picture of the lonely diner</marc:subfield>
		</marc:datafield>
		<marc:datafield tag="600" ind1="1" ind2="0">
			<marc:subfield code="a">Reacher, Jack</marc:subfield>
			<marc:subfield code="c">(Fictitious character)</marc:subfield>
			<marc:subfield code="v">Fiction</marc:subfield>
			<marc:subfield code="0">http://viaf.org/viaf/65148207982600342793</marc:subfield>
		</marc:datafield>
		<marc:datafield tag="655" ind1=" " ind2="7">
			<marc:subfield code="a">Krim</marc:subfield>
		</marc:datafield>
		<marc:datafield tag="700" ind1="1" ind2="2">
			<marc:subfield code="a">Child, Lee</marc:subfield>
			<marc:subfield code="d">1954-</marc:subfield>
			<marc:subfield code="t">No middle name</marc:subfield>
			<marc:subfield code="i">Svenska</marc:subfield>
			<marc:subfield code="1">http://viaf.org/viaf/1305151778204018130007</marc:subfield>
		</marc:datafield>
		<marc:datafield tag="700" ind1="1" ind2=" ">
			<marc:subfield code="a">Hammarsten, Patrik</marc:subfield>
			<marc:subfield code="4">trl</marc:subfield>
			<marc:subfield code="0">http://viaf.org/viaf/308301374</marc:subfield>
		</marc:datafield>
		<marc:datafield tag="740" ind1="0" ind2="2">
			<marc:subfield code="a">Too much time</marc:subfield>
		</marc:datafield>
		<marc:datafield tag="740" ind1="0" ind2="2">
			<marc:subfield code="a">Second son</marc:subfield>
		</marc:datafield>
		<marc:datafield tag="740" ind1="0" ind2="2">
			<marc:subfield code="a">High heat</marc:subfield>
		</marc:datafield>
		<marc:datafield tag="740" ind1="0" ind2="2">
			<marc:subfield code="a">Deep down</marc:subfield>
		</marc:datafield>
		<marc:datafield tag="740" ind1="0" ind2="2">
			<marc:subfield code="a">Small wars</marc:subfield>
		</marc:datafield>
		<marc:datafield tag="740" ind1="0" ind2="2">
			<marc:subfield code="a">James Penney’s new identity</marc:subfield>
		</marc:datafield>
		<marc:datafield tag="740" ind1="0" ind2="2">
			<marc:subfield code="a">Everyone talks</marc:subfield>
		</marc:datafield>
		<marc:datafield tag="740" ind1="0" ind2="2">
			<marc:subfield code="a">Not a drill</marc:subfield>
		</marc:datafield>
		<marc:datafield tag="740" ind1="0" ind2="2">
			<marc:subfield code="a">Maybe they have a tradition</marc:subfield>
		</marc:datafield>
		<marc:datafield tag="740" ind1="0" ind2="2">
			<marc:subfield code="a">Guy walks into a bar</marc:subfield>
		</marc:datafield>
		<marc:datafield tag="740" ind1="0" ind2="2">
			<marc:subfield code="a">No room at the motel</marc:subfield>
		</marc:datafield>
		<marc:datafield tag="740" ind1="0" ind2="2">
			<marc:subfield code="a">The picture of the lonely diner</marc:subfield>
		</marc:datafield>
	</marc:record>