
	<marc:record>
		<marc:leader>01292cam a2200373 i 4500</marc:leader>
		<marc:controlfield tag="001">t3pwcq2drmfj47lp</marc:controlfield>
		<marc:controlfield tag="003">LIBRIS</marc:controlfield>
		<marc:controlfield tag="005">20190301081654.0</marc:controlfield>
		<marc:controlfield tag="008">190301t20182017fi |||||||||||000 f|fin| </marc:controlfield>
		<marc:datafield tag="020" ind1=" " ind2=" ">
			<marc:subfield code="a">9789513199128</marc:subfield>
			<marc:subfield code="q">nidottu</marc:subfield>
		</marc:datafield>
		<marc:datafield tag="041" ind1="1" ind2=" ">
			<marc:subfield code="a">fin</marc:subfield>
			<marc:subfield code="h">swe</marc:subfield>
		</marc:datafield>
		<marc:datafield tag="100" ind1="1" ind2=" ">
			<marc:subfield code="a">Kepler, Lars</marc:subfield>
			<marc:subfield code="0">http://viaf.org/viaf/95139216</marc:subfield>
			<marc:subfield code="4">aut</marc:subfield>
		</marc:datafield>
		<marc:datafield tag="240" ind1="1" ind2="0">
			<marc:subfield code="a">Kaninjägaren</marc:subfield>
			<marc:subfield code="l">Finska</marc:subfield>
			<marc:subfield code="0">http://viaf.org/viaf/3474149368795585980005</marc:subfield>
		</marc:datafield>
		<marc:datafield tag="245" ind1="1" ind2="0">
			<marc:subfield code="a">Kaniininmetsästäjä</marc:subfield>
			<marc:subfield code="c">Lars Kepler</marc:subfield>
		</marc:datafield>
		<marc:datafield tag="260" ind1=" " ind2="1">
			<marc:subfield code="a">Helsinki :</marc:subfield>
			<marc:subfield code="b">Kustannusosakeyhtiö tammi</marc:subfield>
			<marc:subfield code="c">[2018]</marc:subfield>
		</marc:datafield>
		<marc:datafield tag="300" ind1=" " ind2=" ">
			<marc:subfield code="a">577 sider</marc:subfield>
			<marc:subfield code="c">21 cm</marc:subfield>
		</marc:datafield>
		<marc:datafield tag="336" ind1=" " ind2=" ">
			<marc:subfield code="a">text</marc:subfield>
			<marc:subfield code="b">t</marc:subfield>
			<marc:subfield code="2">rdacontent</marc:subfield>
			<marc:subfield code="0">http://rdaregistry.info/termList/RDAContentType/1020 </marc:subfield>
		</marc:datafield>
		<marc:datafield tag="337" ind1=" " ind2=" ">
			<marc:subfield code="a">unmediated</marc:subfield>
			<marc:subfield code="b"/>
			<marc:subfield code="2">rdamedia</marc:subfield>
			<marc:subfield code="0">http://rdaregistry.info/termList/RDAMediaType/1007</marc:subfield>
		</marc:datafield>
		<marc:datafield tag="338" ind1=" " ind2=" ">
			<marc:subfield code="a">volume</marc:subfield>
			<marc:subfield code="b"/>
			<marc:subfield code="2">rdacarrier</marc:subfield>
			<marc:subfield code="0">http://rdaregistry.info/termList/RDACarrierType/1049</marc:subfield>
		</marc:datafield>
		<marc:datafield tag="380" ind1=" " ind2=" ">
			<marc:subfield code="a">novel</marc:subfield>
			<marc:subfield code="2">marcgt</marc:subfield>
			<marc:subfield code="0">http://id.loc.gov/vocabulary/marcgt/nov</marc:subfield>
		</marc:datafield>
		<marc:datafield tag="440" ind1=" " ind2=" ">
			<marc:subfield code="a">Joona Linna</marc:subfield>
		</marc:datafield>
		<marc:datafield tag="490" ind1=" " ind2=" ">
			<marc:subfield code="a">Joona Linna series</marc:subfield>
			<marc:subfield code="v">6</marc:subfield>
		</marc:datafield>
		<marc:datafield tag="500" ind1=" " ind2=" ">
			<marc:subfield code="a">Lars Kepler pseudonym for: Alexandra Coelho Ahndoril og Alexander Ahndoril.</marc:subfield>
		</marc:datafield>
		<marc:datafield tag="700" ind1="1" ind2=" ">
			<marc:subfield code="a">Koski, Kari</marc:subfield>
			<marc:subfield code="4">trl</marc:subfield>
			<marc:subfield code="0">http://viaf.org/viaf/311284078</marc:subfield>
		</marc:datafield>
		<marc:datafield tag="800" ind1="1" ind2=" ">
			<marc:subfield code="a">Kepler, Lars</marc:subfield>
			<marc:subfield code="t">Joona Linna</marc:subfield>
			<marc:subfield code="v">6</marc:subfield>
			<marc:subfield code="4">aut</marc:subfield>
			<marc:subfield code="0">http://viaf.org/viaf/434152140016511100000</marc:subfield>
		</marc:datafield>
	</marc:record>