
	<marc:record>
		<marc:leader>11862cam a2202197 i 4500</marc:leader>
		<marc:controlfield tag="001">v4cslb7ns8z6wgdk</marc:controlfield>
		<marc:controlfield tag="003">LIBRIS</marc:controlfield>
		<marc:controlfield tag="005">20190306152729.0</marc:controlfield>
		<marc:controlfield tag="008">181127s2019    sw |||||||||||000 f|swe|c</marc:controlfield>
		<marc:datafield tag="020" ind1=" " ind2=" ">
			<marc:subfield code="a">9789175414355</marc:subfield>
			<marc:subfield code="q">inbunden</marc:subfield>
		</marc:datafield>
		<marc:datafield tag="041" ind1=" " ind2=" ">
			<marc:subfield code="a">swe</marc:subfield>
		</marc:datafield>
		<marc:datafield tag="100" ind1="1" ind2=" ">
			<marc:subfield code="a">Kepler, Lars</marc:subfield>
			<marc:subfield code="0">http://viaf.org/viaf/95139216</marc:subfield>
			<marc:subfield code="4">aut</marc:subfield>
		</marc:datafield>
		<marc:datafield tag="245" ind1="1" ind2="0">
			<marc:subfield code="a">Lazarus</marc:subfield>
			<marc:subfield code="c">Lars Kepler</marc:subfield>
			<marc:subfield code="0">http://viaf.org/viaf/3811154387452130970003</marc:subfield>
		</marc:datafield>
		<marc:datafield tag="260" ind1=" " ind2="1">
			<marc:subfield code="a">[Lund] :</marc:subfield>
			<marc:subfield code="b">BTJ fr̲lag,</marc:subfield>
			<marc:subfield code="c">[2019]</marc:subfield>
		</marc:datafield>
		<marc:datafield tag="260" ind1=" " ind2="3">
			<marc:subfield code="a">Falun :</marc:subfield>
			<marc:subfield code="b">Scandbook,</marc:subfield>
			<marc:subfield code="c">2019</marc:subfield>
		</marc:datafield>
		<marc:datafield tag="300" ind1=" " ind2=" ">
			<marc:subfield code="a">399 sider</marc:subfield>
			<marc:subfield code="c">23 cm</marc:subfield>
		</marc:datafield>
		<marc:datafield tag="336" ind1=" " ind2=" ">
			<marc:subfield code="a">text</marc:subfield>
			<marc:subfield code="b">t</marc:subfield>
			<marc:subfield code="2">rdacontent</marc:subfield>
			<marc:subfield code="0">http://rdaregistry.info/termList/RDAContentType/1020 </marc:subfield>
		</marc:datafield>
		<marc:datafield tag="337" ind1=" " ind2=" ">
			<marc:subfield code="a">unmediated</marc:subfield>
			<marc:subfield code="b"/>
			<marc:subfield code="2">rdamedia</marc:subfield>
			<marc:subfield code="0">http://rdaregistry.info/termList/RDAMediaType/1007</marc:subfield>
		</marc:datafield>
		<marc:datafield tag="338" ind1=" " ind2=" ">
			<marc:subfield code="a">volume</marc:subfield>
			<marc:subfield code="b"/>
			<marc:subfield code="2">rdacarrier</marc:subfield>
			<marc:subfield code="0">http://rdaregistry.info/termList/RDACarrierType/1049</marc:subfield>
		</marc:datafield>
		<marc:datafield tag="380" ind1=" " ind2=" ">
			<marc:subfield code="a">novel</marc:subfield>
			<marc:subfield code="2">marcgt</marc:subfield>
			<marc:subfield code="0">http://id.loc.gov/vocabulary/marcgt/nov</marc:subfield>
		</marc:datafield>
		<marc:datafield tag="440" ind1=" " ind2=" ">
			<marc:subfield code="a">Joona Linna</marc:subfield>
		</marc:datafield>
		<marc:datafield tag="490" ind1=" " ind2=" ">
			<marc:subfield code="a">Joona Linna series</marc:subfield>
			<marc:subfield code="v">7</marc:subfield>
		</marc:datafield>
		<marc:datafield tag="500" ind1=" " ind2=" ">
			<marc:subfield code="a">Lars Kepler pseudonym for: Alexandra Coelho Ahndoril og Alexander Ahndoril.</marc:subfield>
		</marc:datafield>
		<marc:datafield tag="655" ind1=" " ind2="7">
			<marc:subfield code="a">Krim</marc:subfield>
		</marc:datafield>
		<marc:datafield tag="800" ind1="1" ind2=" ">
			<marc:subfield code="a">Kepler, Lars</marc:subfield>
			<marc:subfield code="t">Joona Linna</marc:subfield>
			<marc:subfield code="v">7</marc:subfield>
			<marc:subfield code="4">aut</marc:subfield>
			<marc:subfield code="0">http://viaf.org/viaf/434152140016511100000</marc:subfield>
		</marc:datafield>
	</marc:record>