
	<marc:record>
		<marc:leader>01264cam a2200301ma 4500</marc:leader>
		<marc:controlfield tag="001">jsdh219jg53lkwc5</marc:controlfield>
		<marc:controlfield tag="003">LIBRIS</marc:controlfield>
		<marc:controlfield tag="005">20190228115601.0</marc:controlfield>
		<marc:controlfield tag="008">190228s1990    xx |||||||||||000 1|eng| </marc:controlfield>
		<marc:datafield tag="041" ind1=" " ind2=" ">
			<marc:subfield code="a">eng</marc:subfield>
		</marc:datafield>
		<marc:datafield tag="100" ind1="1" ind2=" ">
			<marc:subfield code="a">Christie, Agatha</marc:subfield>
			<marc:subfield code="d">1890-1976.</marc:subfield>
			<marc:subfield code="0">http://viaf.org/viaf/71388952</marc:subfield>
			<marc:subfield code="4">aut</marc:subfield>
		</marc:datafield>
		<marc:datafield tag="240" ind1="1" ind2="4">
			<marc:subfield code="a">The best of Poirot /</marc:subfield>
			<marc:subfield code="c">Agatha Christie.</marc:subfield>
			<marc:subfield code="0">https://libris.kb.se/jsdh219jg53lkwc5</marc:subfield>
		</marc:datafield>
		<marc:datafield tag="260" ind1=" " ind2="1">
			<marc:subfield code="a">BCA :</marc:subfield>
			<marc:subfield code="b">London,</marc:subfield>
			<marc:subfield code="c">1990</marc:subfield>
		</marc:datafield>
		<marc:datafield tag="300" ind1=" " ind2=" ">
			<marc:subfield code="a">862 sider</marc:subfield>
			<marc:subfield code="c">21 cm</marc:subfield>
		</marc:datafield>
		<marc:datafield tag="336" ind1=" " ind2=" ">
			<marc:subfield code="a">text</marc:subfield>
			<marc:subfield code="b">t</marc:subfield>
			<marc:subfield code="2">rdacontent</marc:subfield>
			<marc:subfield code="0">http://rdaregistry.info/termList/RDAContentType/1020 </marc:subfield>
		</marc:datafield>
		<marc:datafield tag="337" ind1=" " ind2=" ">
			<marc:subfield code="a">unmediated</marc:subfield>
			<marc:subfield code="b"/>
			<marc:subfield code="2">rdamedia</marc:subfield>
			<marc:subfield code="0">http://rdaregistry.info/termList/RDAMediaType/1007</marc:subfield>
		</marc:datafield>
		<marc:datafield tag="338" ind1=" " ind2=" ">
			<marc:subfield code="a">volume</marc:subfield>
			<marc:subfield code="b"/>
			<marc:subfield code="2">rdacarrier</marc:subfield>
			<marc:subfield code="0">http://rdaregistry.info/termList/RDACarrierType/1049</marc:subfield>
		</marc:datafield>
		<marc:datafield tag="380" ind1=" " ind2=" ">
			<marc:subfield code="a">novel</marc:subfield>
			<marc:subfield code="2">marcgt</marc:subfield>
			<marc:subfield code="0">http://id.loc.gov/vocabulary/marcgt/nov</marc:subfield>
		</marc:datafield>
		<marc:datafield tag="505" ind1=" " ind2=" ">
			<marc:subfield code="a">Includes Murder on the Orient Express, Cards on the Table, Hercule Poirot's Christmas, Five Little Pigs and The Labours of Hercules.</marc:subfield>
		</marc:datafield>
		<marc:datafield tag="650" ind1=" " ind2="4">
			<marc:subfield code="a">Detective and mystery stories.</marc:subfield>
		</marc:datafield>
		<marc:datafield tag="650" ind1=" " ind2="4">
			<marc:subfield code="a">Murder</marc:subfield>
			<marc:subfield code="x">Investigation</marc:subfield>
			<marc:subfield code="v">Fiction.</marc:subfield>
		</marc:datafield>
		<marc:datafield tag="655" ind1=" " ind2=" ">
			<marc:subfield code="a">Krim</marc:subfield>
		</marc:datafield>
		<marc:datafield tag="700" ind1="1" ind2="2">
			<marc:subfield code="a">Christie, Agatha</marc:subfield>
			<marc:subfield code="d">1890-1976</marc:subfield>
			<marc:subfield code="t">The best of Poirot</marc:subfield>
			<marc:subfield code="1">https://libris.kb.se/jsdh219jg53lkwc5</marc:subfield>
		</marc:datafield>
		<marc:datafield tag="740" ind1="0" ind2="2">
			<marc:subfield code="a">Murder on the orient express</marc:subfield>
		</marc:datafield>
		<marc:datafield tag="740" ind1="0" ind2="2">
			<marc:subfield code="a">Cards on the table</marc:subfield>
		</marc:datafield>
		<marc:datafield tag="740" ind1="0" ind2="2">
			<marc:subfield code="a">Hercule Poirot's christmas</marc:subfield>
		</marc:datafield>
		<marc:datafield tag="740" ind1="0" ind2="2">
			<marc:subfield code="a">Five little pigs</marc:subfield>
		</marc:datafield>
		<marc:datafield tag="740" ind1="0" ind2="2">
			<marc:subfield code="a">The labours of Hercules</marc:subfield>
		</marc:datafield>
	</marc:record>