
	<marc:record>
		<marc:leader>12012cim a22018493a 4500</marc:leader>
		<marc:controlfield tag="001">8j078v3x6mk0z1gq</marc:controlfield>
		<marc:controlfield tag="003">LIBRIS</marc:controlfield>
		<marc:controlfield tag="005">20190125142124.0</marc:controlfield>
		<marc:controlfield tag="007">s| |||||||||||         </marc:controlfield>
		<marc:controlfield tag="007">cr |||   |||||         </marc:controlfield>
		<marc:controlfield tag="008">190125|        |  | |||o||||||f  | swe|d</marc:controlfield>
		<marc:datafield tag="020" ind1=" " ind2=" ">
			<marc:subfield code="a">9788711788080</marc:subfield>
		</marc:datafield>
		<marc:datafield tag="041" ind1=" " ind2=" ">
			<marc:subfield code="a">swe</marc:subfield>
			<marc:subfield code="a">eng</marc:subfield>
		</marc:datafield>
		<marc:datafield tag="100" ind1="1" ind2=" ">
			<marc:subfield code="a">Christie, Agatha</marc:subfield>
			<marc:subfield code="d">1890-1976</marc:subfield>
			<marc:subfield code="0">http://viaf.org/viaf/71388952</marc:subfield>
			<marc:subfield code="4">aut</marc:subfield>
		</marc:datafield>
		<marc:datafield tag="240" ind1="1" ind2="0">
			<marc:subfield code="a">A pocket full of rye</marc:subfield>
			<marc:subfield code="l">Svenska</marc:subfield>
			<marc:subfield code="0">http://viaf.org/viaf/307966492</marc:subfield>
		</marc:datafield>
		<marc:datafield tag="245" ind1="1" ind2="0">
			<marc:subfield code="a">En ficka full med råg</marc:subfield>
			<marc:subfield code="c">Agatha Christie</marc:subfield>
		</marc:datafield>
		<marc:datafield tag="263" ind1=" " ind2=" ">
			<marc:subfield code="a">201902</marc:subfield>
		</marc:datafield>
		<marc:datafield tag="260" ind1=" " ind2="1">
			<marc:subfield code="b">Saga Egmont</marc:subfield>
		</marc:datafield>
		<marc:datafield tag="300" ind1=" " ind2=" ">
			<marc:subfield code="a">1 MP3 fil (7 tim., 36 min.)</marc:subfield>
		</marc:datafield>
		<marc:datafield tag="336" ind1=" " ind2=" ">
			<marc:subfield code="a">spoken word</marc:subfield>
			<marc:subfield code="b"/>
			<marc:subfield code="2">rdacontent</marc:subfield>
			<marc:subfield code="0">http://rdaregistry.info/termList/RDAContentType/1013 </marc:subfield>
		</marc:datafield>
		<marc:datafield tag="337" ind1=" " ind2=" ">
			<marc:subfield code="a">audio</marc:subfield>
			<marc:subfield code="b"/>
			<marc:subfield code="2">rdamedia</marc:subfield>
			<marc:subfield code="0">http://rdaregistry.info/termList/RDAMediaType/1001</marc:subfield>
		</marc:datafield>
		<marc:datafield tag="338" ind1=" " ind2=" ">
			<marc:subfield code="a">audiodisc</marc:subfield>
			<marc:subfield code="b"/>
			<marc:subfield code="2">rdacarrier</marc:subfield>
			<marc:subfield code="0">http://rdaregistry.info/termList/RDACarrierType/1004</marc:subfield>
		</marc:datafield>
		<marc:datafield tag="380" ind1=" " ind2=" ">
			<marc:subfield code="a">nonmusical sound</marc:subfield>
			<marc:subfield code="2">marcgt</marc:subfield>
			<marc:subfield code="0">http://id.loc.gov/vocabulary/marcgt/nos</marc:subfield>
		</marc:datafield>
		<marc:datafield tag="440" ind1=" " ind2=" ">
			<marc:subfield code="a">Miss Marple</marc:subfield>
		</marc:datafield>
		<marc:datafield tag="490" ind1="0" ind2=" ">
			<marc:subfield code="a">Miss Marple</marc:subfield>
			<marc:subfield code="v">6</marc:subfield>
		</marc:datafield>
		<marc:datafield tag="520" ind1=" " ind2=" ">
			<marc:subfield code="a">Den fr̲mg̲na familjen Fortescue lever ett till synes utsk̲t liv, tills de plt̲sligt drabbas av en serie mord. Fr̲st faller familjefadern, affr̃smannen Rex Fortescue, ihop p ̄sitt kontor under svr̄a smr̃tor. Under utredningen som fl̲jer hittas mr̃kligt nog rḡkorn i hans ficka. Snart visar det sig att Rex har blivit fr̲giftad. Senare samma kvl̃l blir Rex fru Adele mr̲dad, ṽen hon med gift. Strax dr̃p ̄hittar man familjens unga hembitrd̃e strypt i trd̃gr̄den, med en kld̃nypa fastklm̃d i ns̃tippen. Vem r̃ ansvarig fr̲ de makabra morden? Miss Marple kastar sig in i leken och upptc̃ker snart att mordens utfr̲anden har stora likheter med en kñd barnvisa. De tycks vara en fasansvc̃kande leklysten mr̲dare p ̄spr̄en. Agatha Christie, 1890  1976, var en brittisk deckarfr̲fattare. Christie r̃ en av vr̃ldens mest sl̄da fr̲fattare och var mycket produktiv under sitt liv. Hennes mest kñda detektivkaraktr̃er r̃ den l̃dre damen Miss Marple och den excentriska belgaren Hercule Poirot. Tillsammans med Arthur Conan Doyle r̃ Agatha Christie en av deckargenrens mest tongivande fr̲fattare. Hon brt̲ gr̃na mot traditionella mn̲ster i sina deckare och v̲erraskade ofta ls̃aren med vñdningar p ̄slutet. Christie har ṽen skrivit flera framgn̄gsrika pjs̃er, dr̃ Rt̄tfl̃lan (The Mousetrap) innehar vr̃ldsrekord som den pjs̃ som spelat under lñgst tid. --- En ficka full med Rḡ" ♭ 1954 Agatha Christie Limited. All rights reserved. A Pocket Full of Rye ♭ 1953 Agatha Christie Limited. All rights reserved. AGATHA CHRISTIE ♭ is a registered trademark of Agatha Christie Limited in the UK and/or elsewhere. All rights reserved. [Elib]</marc:subfield>
		</marc:datafield>
		<marc:datafield tag="655" ind1=" " ind2="4">
			<marc:subfield code="a">Lydbok</marc:subfield>
		</marc:datafield>
		<marc:datafield tag="655" ind1=" " ind2="4">
			<marc:subfield code="a">Krim</marc:subfield>
		</marc:datafield>
		<marc:datafield tag="655" ind1=" " ind2=" ">
			<marc:subfield code="a">Spenning</marc:subfield>
		</marc:datafield>
		<marc:datafield tag="700" ind1="1" ind2=" ">
			<marc:subfield code="a">Watts, Sofia</marc:subfield>
			<marc:subfield code="4">nrt</marc:subfield>
			<marc:subfield code="0">http://viaf.org/viaf/4154681809547861579</marc:subfield>
		</marc:datafield>
		<marc:datafield tag="800" ind1="1" ind2=" ">
			<marc:subfield code="a">Christie, Agatha</marc:subfield>
			<marc:subfield code="t">Miss Marple</marc:subfield>
			<marc:subfield code="v">6</marc:subfield>
			<marc:subfield code="4">aut</marc:subfield>
			<marc:subfield code="0">http://viaf.org/viaf/295652375</marc:subfield>
		</marc:datafield>
	</marc:record>