
	<marc:record>
		<marc:leader>12832cim a22020413a 4500</marc:leader>
		<marc:controlfield tag="001">cm26tbgj9k1kcmrz</marc:controlfield>
		<marc:controlfield tag="003">LIBRIS</marc:controlfield>
		<marc:controlfield tag="005">20190124142131.0</marc:controlfield>
		<marc:controlfield tag="007">s| |||||||||||         </marc:controlfield>
		<marc:controlfield tag="007">cr |||   |||||         </marc:controlfield>
		<marc:controlfield tag="008">190124|        |  | |||o||||||f  | swe|d</marc:controlfield>
		<marc:datafield tag="020" ind1=" " ind2=" ">
			<marc:subfield code="a">9788711788226</marc:subfield>
		</marc:datafield>
		<marc:datafield tag="041" ind1=" " ind2=" ">
			<marc:subfield code="a">swe</marc:subfield>
			<marc:subfield code="h">eng</marc:subfield>
		</marc:datafield>
		<marc:datafield tag="100" ind1="1" ind2=" ">
			<marc:subfield code="a">Christie, Agatha</marc:subfield>
			<marc:subfield code="d">1890-1976</marc:subfield>
			<marc:subfield code="0">http://viaf.org/viaf/71388952</marc:subfield>
			<marc:subfield code="4">aut</marc:subfield>
		</marc:datafield>
		<marc:datafield tag="240" ind1="1" ind2="0">
			<marc:subfield code="a">Sleeping murder: Miss Marple's last case</marc:subfield>
			<marc:subfield code="l">Svenska</marc:subfield>
			<marc:subfield code="0">https://libris.kb.se/9tmwbfjm01dmqgd</marc:subfield>
		</marc:datafield>
		<marc:datafield tag="245" ind1="1" ind2="0">
			<marc:subfield code="a">Miss Marples sista fall</marc:subfield>
			<marc:subfield code="c">Agatha Christie</marc:subfield>
		</marc:datafield>
		<marc:datafield tag="263" ind1=" " ind2=" ">
			<marc:subfield code="a">201902</marc:subfield>
		</marc:datafield>
		<marc:datafield tag="260" ind1=" " ind2="1">
			<marc:subfield code="b">Saga Egmont</marc:subfield>
		</marc:datafield>
		<marc:datafield tag="300" ind1=" " ind2=" ">
			<marc:subfield code="a">1 MP3 fil (7 tim., 04 min.)</marc:subfield>
		</marc:datafield>
		<marc:datafield tag="336" ind1=" " ind2=" ">
			<marc:subfield code="a">spoken word</marc:subfield>
			<marc:subfield code="b"/>
			<marc:subfield code="2">rdacontent</marc:subfield>
			<marc:subfield code="0">http://rdaregistry.info/termList/RDAContentType/1013 </marc:subfield>
		</marc:datafield>
		<marc:datafield tag="337" ind1=" " ind2=" ">
			<marc:subfield code="a">audio</marc:subfield>
			<marc:subfield code="b"/>
			<marc:subfield code="2">rdamedia</marc:subfield>
			<marc:subfield code="0">http://rdaregistry.info/termList/RDAMediaType/1001</marc:subfield>
		</marc:datafield>
		<marc:datafield tag="338" ind1=" " ind2=" ">
			<marc:subfield code="a">audiodisc</marc:subfield>
			<marc:subfield code="b"/>
			<marc:subfield code="2">rdacarrier</marc:subfield>
			<marc:subfield code="0">http://rdaregistry.info/termList/RDACarrierType/1004</marc:subfield>
		</marc:datafield>
		<marc:datafield tag="380" ind1=" " ind2=" ">
			<marc:subfield code="a">nonmusical sound</marc:subfield>
			<marc:subfield code="2">marcgt</marc:subfield>
			<marc:subfield code="0">http://id.loc.gov/vocabulary/marcgt/nos</marc:subfield>
		</marc:datafield>
		<marc:datafield tag="440" ind1=" " ind2=" ">
			<marc:subfield code="a">Miss Marple</marc:subfield>
		</marc:datafield>
		<marc:datafield tag="490" ind1="0" ind2=" ">
			<marc:subfield code="a">Miss Marple</marc:subfield>
			<marc:subfield code="v">12</marc:subfield>
		</marc:datafield>
		<marc:datafield tag="520" ind1=" " ind2=" ">
			<marc:subfield code="a">Den unga nygifta Gwenda Reed blev fr̲l̃skad i villan i badortsidyllen vid fr̲sta g̲onkastet. Men var det inte nḡot som kñdes bekant?Nr̃ hon stiger in i villan fr̲ fr̲sta gn̄gen fr̄ hon en fr̲nimmelse om att en dd̲ kvinna ligger p ̄golvet. Och det verkar vara hennes styvmor ...Det visar sig snart att Gwenda bott i huset i trer̄sl̄dern och nu vñder hon sig till Miss Marple fr̲ att f ̄klarhet i vad som hñt. Marples efterforskningar leder till tre mñ som alla tjñat p ̄att rj̲a styvmodern ur vg̃en. Ett fruktansvr̃t brott vars sanning r̃ p ̄vg̃ att uppdagas ... I och med detta fall tar Miss Marple avsked av sina ls̃are. Men p ̄vilket st̃t hon gr̲ det! Agatha Christie (1890-1976) var en brittisk deckarfr̲fattare och vr̃ldens bs̃t sl̃jande fr̲fattare efter Shakespeare med v̲er 4 miljarder bc̲ker sl̄da p ̄engelska och andra sprk̄. Mest kñd r̃ hon fr̲ detektiven Hercule Poirot. Tillsammans med Arthur Conan Doyle r̃ hon den som har format deckargenren mest. --- Translation entitled "Miss Marples sista fall" ♭ 1977 Agatha Christie Limited. All rights reserved. Miss Marple's Final Cases ♭ 1979 Agatha Christie Limited. All rights reserved. AGATHA CHRISTIE ʼ MISS MARPLE ʼ are registered trademarks of Agatha Christie Limited in the UK and/or elsewhere. All rights reserved. [Elib]</marc:subfield>
		</marc:datafield>
		<marc:datafield tag="655" ind1=" " ind2="4">
			<marc:subfield code="a">Lydbok</marc:subfield>
		</marc:datafield>
		<marc:datafield tag="655" ind1=" " ind2="4">
			<marc:subfield code="a">Krim</marc:subfield>
		</marc:datafield>
		<marc:datafield tag="655" ind1=" " ind2=" ">
			<marc:subfield code="a">Spenning</marc:subfield>
		</marc:datafield>
		<marc:datafield tag="700" ind1="1" ind2=" ">
			<marc:subfield code="a">Lundin, Märta</marc:subfield>
			<marc:subfield code="4">nrt</marc:subfield>
			<marc:subfield code="0">http://viaf.org/viaf/2154921287463591883</marc:subfield>
		</marc:datafield>
		<marc:datafield tag="800" ind1="1" ind2=" ">
			<marc:subfield code="a">Christie, Agatha</marc:subfield>
			<marc:subfield code="t">Miss Marple</marc:subfield>
			<marc:subfield code="v">12</marc:subfield>
			<marc:subfield code="4">aut</marc:subfield>
			<marc:subfield code="0">http://viaf.org/viaf/295652375</marc:subfield>
		</marc:datafield>
	</marc:record>