
	<marc:record>
		<marc:leader>13765cim a22021613a 4500</marc:leader>
		<marc:controlfield tag="001">3cnffvfc1lql3322</marc:controlfield>
		<marc:controlfield tag="003">LIBRIS</marc:controlfield>
		<marc:controlfield tag="005">20181217142326.0</marc:controlfield>
		<marc:controlfield tag="007">s| |||||||||||         </marc:controlfield>
		<marc:controlfield tag="007">cr |||   |||||         </marc:controlfield>
		<marc:controlfield tag="008">181217|        |  | |||o||||||f  | swe|d</marc:controlfield>
		<marc:datafield tag="020" ind1=" " ind2=" ">
			<marc:subfield code="a">9788711788189</marc:subfield>
		</marc:datafield>
		<marc:datafield tag="041" ind1=" " ind2=" ">
			<marc:subfield code="a">swe</marc:subfield>
			<marc:subfield code="h">eng</marc:subfield>
		</marc:datafield>
		<marc:datafield tag="100" ind1="1" ind2=" ">
			<marc:subfield code="a">Christie, Agatha</marc:subfield>
			<marc:subfield code="d">1890-1976</marc:subfield>
			<marc:subfield code="0">http://viaf.org/viaf/71388952</marc:subfield>
			<marc:subfield code="4">aut</marc:subfield>
		</marc:datafield>
		<marc:datafield tag="240" ind1="1" ind2="0">
			<marc:subfield code="a">Destination unknown</marc:subfield>
			<marc:subfield code="l">Svenska</marc:subfield>
			<marc:subfield code="0">https://libris.kb.se/1kcll93c3w3850r</marc:subfield>
		</marc:datafield>
		<marc:datafield tag="245" ind1="1" ind2="0">
			<marc:subfield code="a">Destination okänd</marc:subfield>
			<marc:subfield code="c">Agatha Christie</marc:subfield>
		</marc:datafield>
		<marc:datafield tag="260" ind1=" " ind2="1">
			<marc:subfield code="b">Saga Egmont</marc:subfield>
		</marc:datafield>
		<marc:datafield tag="300" ind1=" " ind2=" ">
			<marc:subfield code="a">2 MP3 filer (7 tim., 50 min)</marc:subfield>
		</marc:datafield>
		<marc:datafield tag="336" ind1=" " ind2=" ">
			<marc:subfield code="a">spoken word</marc:subfield>
			<marc:subfield code="b"/>
			<marc:subfield code="2">rdacontent</marc:subfield>
			<marc:subfield code="0">http://rdaregistry.info/termList/RDAContentType/1013 </marc:subfield>
		</marc:datafield>
		<marc:datafield tag="337" ind1=" " ind2=" ">
			<marc:subfield code="a">audio</marc:subfield>
			<marc:subfield code="b"/>
			<marc:subfield code="2">rdamedia</marc:subfield>
			<marc:subfield code="0">http://rdaregistry.info/termList/RDAMediaType/1001</marc:subfield>
		</marc:datafield>
		<marc:datafield tag="338" ind1=" " ind2=" ">
			<marc:subfield code="a">audiodisc</marc:subfield>
			<marc:subfield code="b"/>
			<marc:subfield code="2">rdacarrier</marc:subfield>
			<marc:subfield code="0">http://rdaregistry.info/termList/RDACarrierType/1004</marc:subfield>
		</marc:datafield>
		<marc:datafield tag="380" ind1=" " ind2=" ">
			<marc:subfield code="a">nonmusical sound</marc:subfield>
			<marc:subfield code="2">marcgt</marc:subfield>
			<marc:subfield code="0">http://id.loc.gov/vocabulary/marcgt/nos</marc:subfield>
		</marc:datafield>
		<marc:datafield tag="655" ind1=" " ind2="4">
			<marc:subfield code="a">Lydbok</marc:subfield>
		</marc:datafield>
		<marc:datafield tag="655" ind1=" " ind2="4">
			<marc:subfield code="a">Krim</marc:subfield>
		</marc:datafield>
		<marc:datafield tag="700" ind1="1" ind2=" ">
			<marc:subfield code="a">Weman Thornell, Kerstin</marc:subfield>
			<marc:subfield code="4">nrt</marc:subfield>
		</marc:datafield>
	</marc:record>