
	<marc:record>
		<marc:leader>11816cim a22018733a 4500</marc:leader>
		<marc:controlfield tag="001">hr1jqpvbfzk0jd2j</marc:controlfield>
		<marc:controlfield tag="003">LIBRIS</marc:controlfield>
		<marc:controlfield tag="005">20181206142018.0</marc:controlfield>
		<marc:controlfield tag="007">s| |||||||||||         </marc:controlfield>
		<marc:controlfield tag="007">cr |||   |||||         </marc:controlfield>
		<marc:controlfield tag="008">181206|        |  | |||o||||||f  | swe|d</marc:controlfield>
		<marc:datafield tag="020" ind1=" " ind2=" ">
			<marc:subfield code="a">9788711958407</marc:subfield>
		</marc:datafield>
		<marc:datafield tag="041" ind1=" " ind2=" ">
			<marc:subfield code="a">swe</marc:subfield>
			<marc:subfield code="h">eng</marc:subfield>
		</marc:datafield>
		<marc:datafield tag="100" ind1="1" ind2=" ">
			<marc:subfield code="a">Christie, Agatha</marc:subfield>
			<marc:subfield code="d">1890-1976</marc:subfield>
			<marc:subfield code="0">http://viaf.org/viaf/71388952</marc:subfield>
			<marc:subfield code="4">aut</marc:subfield>
		</marc:datafield>
		<marc:datafield tag="240" ind1="1" ind2="0">
			<marc:subfield code="a">The adventure of the christmas pudding</marc:subfield>
			<marc:subfield code="l">Svenska</marc:subfield>
			<marc:subfield code="0">https://libris.kb.se/8slv80jl169h7dn</marc:subfield>
		</marc:datafield>
		<marc:datafield tag="245" ind1="1" ind2="0">
			<marc:subfield code="a">Äventyret med julpuddingen</marc:subfield>
			<marc:subfield code="c">Agatha Christie</marc:subfield>
		</marc:datafield>
		<marc:datafield tag="260" ind1=" " ind2="1">
			<marc:subfield code="b">Saga Egmont</marc:subfield>
		</marc:datafield>
		<marc:datafield tag="300" ind1=" " ind2=" ">
			<marc:subfield code="a">1 MP3 fil (1 tim, 49 min)</marc:subfield>
		</marc:datafield>
		<marc:datafield tag="336" ind1=" " ind2=" ">
			<marc:subfield code="a">spoken word</marc:subfield>
			<marc:subfield code="b"/>
			<marc:subfield code="2">rdacontent</marc:subfield>
			<marc:subfield code="0">http://rdaregistry.info/termList/RDAContentType/1013 </marc:subfield>
		</marc:datafield>
		<marc:datafield tag="337" ind1=" " ind2=" ">
			<marc:subfield code="a">audio</marc:subfield>
			<marc:subfield code="b"/>
			<marc:subfield code="2">rdamedia</marc:subfield>
			<marc:subfield code="0">http://rdaregistry.info/termList/RDAMediaType/1001</marc:subfield>
		</marc:datafield>
		<marc:datafield tag="338" ind1=" " ind2=" ">
			<marc:subfield code="a">audiodisc</marc:subfield>
			<marc:subfield code="b"/>
			<marc:subfield code="2">rdacarrier</marc:subfield>
			<marc:subfield code="0">http://rdaregistry.info/termList/RDACarrierType/1004</marc:subfield>
		</marc:datafield>
		<marc:datafield tag="380" ind1=" " ind2=" ">
			<marc:subfield code="a">nonmusical sound</marc:subfield>
			<marc:subfield code="2">marcgt</marc:subfield>
			<marc:subfield code="0">http://id.loc.gov/vocabulary/marcgt/nos</marc:subfield>
		</marc:datafield>
		<marc:datafield tag="490" ind1=" " ind2=" ">
			<marc:subfield code="a">Hercule Poirot</marc:subfield>
		</marc:datafield>
		<marc:datafield tag="520" ind1=" " ind2=" ">
			<marc:subfield code="a">Trots att blotta tanken på den engelska landsbygden vintertid fick Hercule Poirot att rysa beslutade han sig för att följa med mr Jesmond och fira en riktigt gammaldags jul på ett gods. Men givetvis fanns det en baktanke med julfirandet. Nyligen hade en mycket värdefull rubin försvunnit under väldigt olyckliga och pinsamma omständigheter och det var av största vikt att allmänheten inte fick veta samtidigt som rubinen återbördades. Väl framme på godset bekantade sig Poirot med alla julfirarna och mottog samtidigt ett märkligt brev där det stod: "Ät inte av plumpuddingen. En som vill er väl."</marc:subfield>
		</marc:datafield>
		<marc:datafield tag="655" ind1=" " ind2="4">
			<marc:subfield code="a">Lydbok</marc:subfield>
		</marc:datafield>
		<marc:datafield tag="655" ind1=" " ind2="4">
			<marc:subfield code="a">Krim</marc:subfield>
		</marc:datafield>
		<marc:datafield tag="655" ind1=" " ind2=" ">
			<marc:subfield code="a">Spenning</marc:subfield>
		</marc:datafield>
		<marc:datafield tag="655" ind1=" " ind2="4">
			<marc:subfield code="a">Noveller</marc:subfield>
		</marc:datafield>
		<marc:datafield tag="700" ind1="1" ind2=" ">
			<marc:subfield code="a">Batalov, Mitcho</marc:subfield>
			<marc:subfield code="4">nrt</marc:subfield>
		</marc:datafield>
		<marc:datafield tag="800" ind1="1" ind2=" ">
			<marc:subfield code="a">Christie, Agatha</marc:subfield>
			<marc:subfield code="t">Hercule Poirot</marc:subfield>
			<marc:subfield code="4">aut</marc:subfield>
			<marc:subfield code="0">http://viaf.org/viaf/234828812</marc:subfield>
		</marc:datafield>
	</marc:record>