
	<marc:record>
		<marc:leader>00558nam a2200205 a 4500</marc:leader>
		<marc:controlfield tag="001">011161934</marc:controlfield>
		<marc:controlfield tag="003">UkOxU</marc:controlfield>
		<marc:controlfield tag="005">19980914105425.0</marc:controlfield>
		<marc:controlfield tag="008">941010r19931992enk           000 1 eng d</marc:controlfield>
		<marc:datafield tag="015" ind1=" " ind2=" ">
			<marc:subfield code="a">GB 94-81588</marc:subfield>
		</marc:datafield>
		<marc:datafield tag="020" ind1=" " ind2=" ">
			<marc:subfield code="a">0751501107</marc:subfield>
		</marc:datafield>
		<marc:datafield tag="100" ind1="1" ind2=" ">
			<marc:subfield code="a">Cornwell, Patricia Daniels.</marc:subfield>
			<marc:subfield code="0">http://viaf.org/viaf/36976332</marc:subfield>
			<marc:subfield code="4">aut</marc:subfield>
		</marc:datafield>
		<marc:datafield tag="245" ind1="1" ind2="0">
			<marc:subfield code="a">All that remains</marc:subfield>
			<marc:subfield code="c">Patricia Daniels Cornwell</marc:subfield>
			<marc:subfield code="0">http://viaf.org/viaf/1038154501937639210004</marc:subfield>
		</marc:datafield>
		<marc:datafield tag="250" ind1=" " ind2=" ">
			<marc:subfield code="a">2nd edition</marc:subfield>
			<marc:subfield code="3">Paperback</marc:subfield>
		</marc:datafield>
		<marc:datafield tag="260" ind1=" " ind2=" ">
			<marc:subfield code="a">London :</marc:subfield>
			<marc:subfield code="b">Warner Books,</marc:subfield>
			<marc:subfield code="c">1993</marc:subfield>
		</marc:datafield>
		<marc:datafield tag="300" ind1=" " ind2=" ">
			<marc:subfield code="a">438 sider</marc:subfield>
		</marc:datafield>
		<marc:datafield tag="336" ind1=" " ind2=" ">
			<marc:subfield code="a">text</marc:subfield>
			<marc:subfield code="b">t</marc:subfield>
			<marc:subfield code="2">rdacontent</marc:subfield>
			<marc:subfield code="0">http://rdaregistry.info/termList/RDAContentType/1020 </marc:subfield>
		</marc:datafield>
		<marc:datafield tag="337" ind1=" " ind2=" ">
			<marc:subfield code="a">unmediated</marc:subfield>
			<marc:subfield code="b"/>
			<marc:subfield code="2">rdamedia</marc:subfield>
			<marc:subfield code="0">http://rdaregistry.info/termList/RDAMediaType/1007</marc:subfield>
		</marc:datafield>
		<marc:datafield tag="338" ind1=" " ind2=" ">
			<marc:subfield code="a">volume</marc:subfield>
			<marc:subfield code="b"/>
			<marc:subfield code="2">rdacarrier</marc:subfield>
			<marc:subfield code="0">http://rdaregistry.info/termList/RDACarrierType/1049</marc:subfield>
		</marc:datafield>
		<marc:datafield tag="380" ind1=" " ind2=" ">
			<marc:subfield code="a">novel</marc:subfield>
			<marc:subfield code="2">marcgt</marc:subfield>
			<marc:subfield code="0">http://id.loc.gov/vocabulary/marcgt/nov</marc:subfield>
		</marc:datafield>
		<marc:datafield tag="440" ind1=" " ind2=" ">
			<marc:subfield code="a">Kay Scarpetta</marc:subfield>
		</marc:datafield>
		<marc:datafield tag="490" ind1=" " ind2=" ">
			<marc:subfield code="a">The Scarpetta series</marc:subfield>
			<marc:subfield code="v">3</marc:subfield>
		</marc:datafield>
		<marc:datafield tag="655" ind1=" " ind2=" ">
			<marc:subfield code="a">Krim</marc:subfield>
		</marc:datafield>
		<marc:datafield tag="800" ind1="1" ind2=" ">
			<marc:subfield code="a">Cornwell, Patricia Daniels</marc:subfield>
			<marc:subfield code="t">Kay Scarpetta</marc:subfield>
			<marc:subfield code="v">3</marc:subfield>
			<marc:subfield code="4">aut</marc:subfield>
			<marc:subfield code="0">http://viaf.org/viaf/176495392</marc:subfield>
		</marc:datafield>
	</marc:record>