
	<marc:record>
		<marc:leader>01921pam a22004691i 4500</marc:leader>
		<marc:controlfield tag="001">021388580</marc:controlfield>
		<marc:controlfield tag="003">UkOxU</marc:controlfield>
		<marc:controlfield tag="005">20181219173635.0</marc:controlfield>
		<marc:controlfield tag="006">m    ||  d |      </marc:controlfield>
		<marc:controlfield tag="007">cr |||||||||||</marc:controlfield>
		<marc:controlfield tag="008">140424s2014    enk     o|    000 f eng|d</marc:controlfield>
		<marc:datafield tag="015" ind1=" " ind2=" ">
			<marc:subfield code="a">GBB451873</marc:subfield>
			<marc:subfield code="2">bnb</marc:subfield>
		</marc:datafield>
		<marc:datafield tag="020" ind1=" " ind2=" ">
			<marc:subfield code="a">9780007575459 (ePub ebook) :</marc:subfield>
			<marc:subfield code="c">No price</marc:subfield>
		</marc:datafield>
		<marc:datafield tag="041" ind1="1" ind2=" ">
			<marc:subfield code="a">eng</marc:subfield>
			<marc:subfield code="h">swe</marc:subfield>
		</marc:datafield>
		<marc:datafield tag="100" ind1="1" ind2=" ">
			<marc:subfield code="a">Kepler, Lars.</marc:subfield>
			<marc:subfield code="0">http://viaf.org/viaf/95139216</marc:subfield>
			<marc:subfield code="4">aut</marc:subfield>
		</marc:datafield>
		<marc:datafield tag="240" ind1="1" ind2="0">
			<marc:subfield code="a">Hypnotisören</marc:subfield>
			<marc:subfield code="l">Engelska</marc:subfield>
			<marc:subfield code="0">http://viaf.org/viaf/8113152502986110800001</marc:subfield>
		</marc:datafield>
		<marc:datafield tag="245" ind1="1" ind2="0">
			<marc:subfield code="a">Joona Linna crime series</marc:subfield>
			<marc:subfield code="n">Books 1-3</marc:subfield>
			<marc:subfield code="c">Lars Kepler</marc:subfield>
			<marc:subfield code="0">http://viaf.org/viaf/434152140016511100000</marc:subfield>
		</marc:datafield>
		<marc:datafield tag="250" ind1=" " ind2=" ">
			<marc:subfield code="a">E-bok</marc:subfield>
		</marc:datafield>
		<marc:datafield tag="260" ind1=" " ind2="1">
			<marc:subfield code="a">London</marc:subfield>
			<marc:subfield code="b">Blue Door</marc:subfield>
			<marc:subfield code="c">2014.</marc:subfield>
		</marc:datafield>
		<marc:datafield tag="300" ind1=" " ind2=" ">
			<marc:subfield code="a">1553 sider</marc:subfield>
		</marc:datafield>
		<marc:datafield tag="336" ind1=" " ind2=" ">
			<marc:subfield code="a">text</marc:subfield>
			<marc:subfield code="b">t</marc:subfield>
			<marc:subfield code="2">rdacontent</marc:subfield>
			<marc:subfield code="0">http://rdaregistry.info/termList/RDAContentType/1020 </marc:subfield>
		</marc:datafield>
		<marc:datafield tag="337" ind1=" " ind2=" ">
			<marc:subfield code="a">computer</marc:subfield>
			<marc:subfield code="b"/>
			<marc:subfield code="2">rdamedia</marc:subfield>
			<marc:subfield code="0">http://rdaregistry.info/termList/RDAMediaType/1003</marc:subfield>
		</marc:datafield>
		<marc:datafield tag="338" ind1=" " ind2=" ">
			<marc:subfield code="a">online resource</marc:subfield>
			<marc:subfield code="b"/>
			<marc:subfield code="2">rdacarrier</marc:subfield>
			<marc:subfield code="0">http://rdaregistry.info/termList/RDACarrierType/1018</marc:subfield>
		</marc:datafield>
		<marc:datafield tag="380" ind1=" " ind2=" ">
			<marc:subfield code="a">novel</marc:subfield>
			<marc:subfield code="2">marcgt</marc:subfield>
			<marc:subfield code="0">http://id.loc.gov/vocabulary/marcgt/nov</marc:subfield>
		</marc:datafield>
		<marc:datafield tag="505" ind1=" " ind2=" ">
			<marc:subfield code="a">1. The hypnotist -- 2. The nightmare -- 3. The fire witness</marc:subfield>
		</marc:datafield>
		<marc:datafield tag="655" ind1=" " ind2=" ">
			<marc:subfield code="a">Krim</marc:subfield>
		</marc:datafield>
		<marc:datafield tag="655" ind1=" " ind2=" ">
			<marc:subfield code="a">Samlingsverk</marc:subfield>
		</marc:datafield>
		<marc:datafield tag="700" ind1="1" ind2="2">
			<marc:subfield code="a">Kepler, Lars</marc:subfield>
			<marc:subfield code="d">1954-</marc:subfield>
			<marc:subfield code="t">The nightmare</marc:subfield>
			<marc:subfield code="i">Engelska</marc:subfield>
			<marc:subfield code="1">https://libris.kb.se/9tmqfw0m1x4x919</marc:subfield>
		</marc:datafield>
		<marc:datafield tag="700" ind1="1" ind2="2">
			<marc:subfield code="a">Kepler, Lars</marc:subfield>
			<marc:subfield code="d">1954-</marc:subfield>
			<marc:subfield code="t">The fire witness</marc:subfield>
			<marc:subfield code="i">Engelska</marc:subfield>
			<marc:subfield code="1">http://viaf.org/viaf/2298152865689704940002</marc:subfield>
		</marc:datafield>
		<marc:datafield tag="740" ind1="0" ind2="2">
			<marc:subfield code="a">The hypnotist</marc:subfield>
		</marc:datafield>
		<marc:datafield tag="740" ind1="0" ind2="2">
			<marc:subfield code="a">The nightmare</marc:subfield>
		</marc:datafield>
		<marc:datafield tag="740" ind1="0" ind2="2">
			<marc:subfield code="a">The fire witness</marc:subfield>
		</marc:datafield>
	</marc:record>