
	<marc:record>
		<marc:leader>00563nam a2200181 a 4500</marc:leader>
		<marc:controlfield tag="001">010501835</marc:controlfield>
		<marc:controlfield tag="003">UkOxU</marc:controlfield>
		<marc:controlfield tag="005">19960513053702.0</marc:controlfield>
		<marc:controlfield tag="008">911028s1989    enk           000 0 eng d</marc:controlfield>
		<marc:datafield tag="020" ind1=" " ind2=" ">
			<marc:subfield code="a">0948397594</marc:subfield>
		</marc:datafield>
		<marc:datafield tag="100" ind1="1" ind2=" ">
			<marc:subfield code="a">Godfrey, Thomas</marc:subfield>
			<marc:subfield code="0">http://viaf.org/viaf/21051800</marc:subfield>
		</marc:datafield>
		<marc:datafield tag="240" ind1="1" ind2="0">
			<marc:subfield code="a">The shadow on the glass</marc:subfield>
			<marc:subfield code="c">Agatha Christie</marc:subfield>
			<marc:subfield code="0">http://www.worldcat.org/oclc/973977882</marc:subfield>
		</marc:datafield>
		<marc:datafield tag="245" ind1="1" ind2="0">
			<marc:subfield code="a">Country house murders</marc:subfield>
			<marc:subfield code="c">Agatha Christie ... [et al.] ; edited by Thomas Godfrey</marc:subfield>
			<marc:subfield code="0">http://www.worldcat.org/oclc/44689948</marc:subfield>
		</marc:datafield>
		<marc:datafield tag="250" ind1=" " ind2=" ">
			<marc:subfield code="3">Hardcover</marc:subfield>
		</marc:datafield>
		<marc:datafield tag="260" ind1=" " ind2=" ">
			<marc:subfield code="a">London</marc:subfield>
			<marc:subfield code="b">O'Mara</marc:subfield>
			<marc:subfield code="c">1989</marc:subfield>
		</marc:datafield>
		<marc:datafield tag="300" ind1=" " ind2=" ">
			<marc:subfield code="a">339 sider</marc:subfield>
		</marc:datafield>
		<marc:datafield tag="336" ind1=" " ind2=" ">
			<marc:subfield code="a">text</marc:subfield>
			<marc:subfield code="b">t</marc:subfield>
			<marc:subfield code="2">rdacontent</marc:subfield>
			<marc:subfield code="0">http://rdaregistry.info/termList/RDAContentType/1020 </marc:subfield>
		</marc:datafield>
		<marc:datafield tag="337" ind1=" " ind2=" ">
			<marc:subfield code="a">unmediated</marc:subfield>
			<marc:subfield code="b"/>
			<marc:subfield code="2">rdamedia</marc:subfield>
			<marc:subfield code="0">http://rdaregistry.info/termList/RDAMediaType/1007</marc:subfield>
		</marc:datafield>
		<marc:datafield tag="338" ind1=" " ind2=" ">
			<marc:subfield code="a">volume</marc:subfield>
			<marc:subfield code="b"/>
			<marc:subfield code="2">rdacarrier</marc:subfield>
			<marc:subfield code="0">http://rdaregistry.info/termList/RDACarrierType/1049</marc:subfield>
		</marc:datafield>
		<marc:datafield tag="380" ind1=" " ind2=" ">
			<marc:subfield code="a">novel</marc:subfield>
			<marc:subfield code="2">marcgt</marc:subfield>
			<marc:subfield code="0">http://id.loc.gov/vocabulary/marcgt/nov</marc:subfield>
		</marc:datafield>
		<marc:datafield tag="655" ind1=" " ind2=" ">
			<marc:subfield code="a">Krim</marc:subfield>
		</marc:datafield>
		<marc:datafield tag="655" ind1=" " ind2=" ">
			<marc:subfield code="a">Samlingsverk</marc:subfield>
		</marc:datafield>
		<marc:datafield tag="700" ind1="1" ind2="2">
			<marc:subfield code="a">Doyle, Arthur Conan</marc:subfield>
			<marc:subfield code="t">The adventure of the Abbey Grange</marc:subfield>
			<marc:subfield code="1">http://www.worldcat.org/oclc/32898115</marc:subfield>
		</marc:datafield>
		<marc:datafield tag="700" ind1="1" ind2="2">
			<marc:subfield code="a">Collins, Wilkie</marc:subfield>
			<marc:subfield code="t">A marriage tragedy</marc:subfield>
			<marc:subfield code="1">http://www.worldcat.org/oclc/612867671</marc:subfield>
		</marc:datafield>
		<marc:datafield tag="700" ind1="1" ind2="2">
			<marc:subfield code="a">Barr, Robert</marc:subfield>
			<marc:subfield code="t">Lord Chizelrigg's missing fortune</marc:subfield>
			<marc:subfield code="1"/>
		</marc:datafield>
		<marc:datafield tag="700" ind1="1" ind2="2">
			<marc:subfield code="a">Freeman, Austin R.</marc:subfield>
			<marc:subfield code="t">The blue scarab</marc:subfield>
			<marc:subfield code="1">http://www.worldcat.org/oclc/26296011</marc:subfield>
		</marc:datafield>
		<marc:datafield tag="700" ind1="1" ind2="2">
			<marc:subfield code="a">Chesterton, G.K.</marc:subfield>
			<marc:subfield code="t">Doom of the darnaways</marc:subfield>
			<marc:subfield code="1">http://www.worldcat.org/oclc/904687365</marc:subfield>
		</marc:datafield>
		<marc:datafield tag="700" ind1="1" ind2="2">
			<marc:subfield code="a">Sayers, Dorothy L.</marc:subfield>
			<marc:subfield code="t">The queen's square</marc:subfield>
			<marc:subfield code="1"/>
		</marc:datafield>
		<marc:datafield tag="700" ind1="1" ind2="2">
			<marc:subfield code="a">Marsh, Ngaio</marc:subfield>
			<marc:subfield code="t">Death on the air</marc:subfield>
			<marc:subfield code="1">http://www.worldcat.org/oclc/43223698</marc:subfield>
		</marc:datafield>
		<marc:datafield tag="700" ind1="1" ind2="2">
			<marc:subfield code="a">Allingham, Margery</marc:subfield>
			<marc:subfield code="t">The same to us</marc:subfield>
			<marc:subfield code="1"/>
		</marc:datafield>
		<marc:datafield tag="700" ind1="1" ind2="2">
			<marc:subfield code="a">Crofts, Freeman Wills</marc:subfield>
			<marc:subfield code="t">The hunt ball</marc:subfield>
			<marc:subfield code="1">http://www.worldcat.org/oclc/751625839</marc:subfield>
		</marc:datafield>
		<marc:datafield tag="700" ind1="1" ind2="2">
			<marc:subfield code="a">Carr, John Dickson</marc:subfield>
			<marc:subfield code="t">The incautious burglar</marc:subfield>
			<marc:subfield code="1"/>
		</marc:datafield>
		<marc:datafield tag="700" ind1="1" ind2="2">
			<marc:subfield code="a">Blake, Nicholas</marc:subfield>
			<marc:subfield code="t">The long shot</marc:subfield>
			<marc:subfield code="1"/>
		</marc:datafield>
		<marc:datafield tag="700" ind1="1" ind2="2">
			<marc:subfield code="a">Wodehouse, P.G.</marc:subfield>
			<marc:subfield code="t">Jeeves and the stolen Venus</marc:subfield>
			<marc:subfield code="1"/>
		</marc:datafield>
		<marc:datafield tag="700" ind1="1" ind2="2">
			<marc:subfield code="a">Innes, Michael</marc:subfield>
			<marc:subfield code="t">Death in the sun</marc:subfield>
			<marc:subfield code="1"/>
		</marc:datafield>
		<marc:datafield tag="700" ind1="1" ind2="2">
			<marc:subfield code="a">White, Ethel Lina</marc:subfield>
			<marc:subfield code="t">An unlocked wind</marc:subfield>
			<marc:subfield code="1"/>
		</marc:datafield>
		<marc:datafield tag="700" ind1="1" ind2="2">
			<marc:subfield code="a">Macdonald, Philip</marc:subfield>
			<marc:subfield code="t">The wood-for-the-trees</marc:subfield>
			<marc:subfield code="1"/>
		</marc:datafield>
		<marc:datafield tag="700" ind1="1" ind2="2">
			<marc:subfield code="a">Brand, Christianna</marc:subfield>
			<marc:subfield code="t">The man on the roof</marc:subfield>
			<marc:subfield code="1"/>
		</marc:datafield>
		<marc:datafield tag="700" ind1="1" ind2="2">
			<marc:subfield code="a">Hare, Cyril</marc:subfield>
			<marc:subfield code="t">The death of Amy Robsart</marc:subfield>
			<marc:subfield code="1"/>
		</marc:datafield>
		<marc:datafield tag="700" ind1="1" ind2="2">
			<marc:subfield code="a">Rendell, Ruth</marc:subfield>
			<marc:subfield code="t">Fen Hall</marc:subfield>
			<marc:subfield code="1"/>
		</marc:datafield>
		<marc:datafield tag="700" ind1="1" ind2="2">
			<marc:subfield code="a">James, P.D.</marc:subfield>
			<marc:subfield code="t">A very desirable residence</marc:subfield>
			<marc:subfield code="1"/>
		</marc:datafield>
		<marc:datafield tag="700" ind1="1" ind2="2">
			<marc:subfield code="a">Miles, James</marc:subfield>
			<marc:subfield code="t">The Worcester enigma</marc:subfield>
			<marc:subfield code="1"/>
		</marc:datafield>
		<marc:datafield tag="700" ind1="1" ind2=" ">
			<marc:subfield code="a">Godfrey, Thomas.</marc:subfield>
			<marc:subfield code="0">http://viaf.org/viaf/21051800</marc:subfield>
		</marc:datafield>
		<marc:datafield tag="700" ind1="1" ind2=" ">
			<marc:subfield code="a">Christie, Agatha.</marc:subfield>
			<marc:subfield code="d">1890-1976.</marc:subfield>
			<marc:subfield code="4">aut</marc:subfield>
			<marc:subfield code="0">http://viaf.org/viaf/71388952</marc:subfield>
		</marc:datafield>
	</marc:record>