
	<marc:record>
		<marc:leader>01078nam a2200325 c 4500</marc:leader>
		<marc:controlfield tag="001">a5314315</marc:controlfield>
		<marc:controlfield tag="003">SpMaBN</marc:controlfield>
		<marc:controlfield tag="005">20130312104102.3</marc:controlfield>
		<marc:controlfield tag="008">130208s2012    sp     | |||| 000 f spa</marc:controlfield>
		<marc:datafield tag="020" ind1=" " ind2=" ">
			<marc:subfield code="a">978-84-9841-797-5</marc:subfield>
		</marc:datafield>
		<marc:datafield tag="041" ind1="1" ind2=" ">
			<marc:subfield code="a">spa</marc:subfield>
			<marc:subfield code="h">nor</marc:subfield>
		</marc:datafield>
		<marc:datafield tag="100" ind1="1" ind2=" ">
			<marc:subfield code="a">Lindell, Unni</marc:subfield>
			<marc:subfield code="d">1957-</marc:subfield>
			<marc:subfield code="0">http://viaf.org/viaf/64065917</marc:subfield>
			<marc:subfield code="4">aut</marc:subfield>
		</marc:datafield>
		<marc:datafield tag="240" ind1="1" ind2="0">
			<marc:subfield code="a">Sukkerdøden</marc:subfield>
			<marc:subfield code="l">Español</marc:subfield>
			<marc:subfield code="0">http://viaf.org/viaf/307128458</marc:subfield>
		</marc:datafield>
		<marc:datafield tag="245" ind1="1" ind2="0">
			<marc:subfield code="a">Muerte blanca :</marc:subfield>
			<marc:subfield code="b">el tercer caso de la agente Marian Dahle</marc:subfield>
			<marc:subfield code="c">Unni Lindell ; traducción del noruego de Lotte K. Tollefsen</marc:subfield>
		</marc:datafield>
		<marc:datafield tag="260" ind1=" " ind2=" ">
			<marc:subfield code="a">Madrid</marc:subfield>
			<marc:subfield code="b">Siruela</marc:subfield>
			<marc:subfield code="c">D.L. 2012</marc:subfield>
		</marc:datafield>
		<marc:datafield tag="300" ind1=" " ind2=" ">
			<marc:subfield code="a">389 sider</marc:subfield>
			<marc:subfield code="c">22 cm</marc:subfield>
		</marc:datafield>
		<marc:datafield tag="336" ind1=" " ind2=" ">
			<marc:subfield code="a">text</marc:subfield>
			<marc:subfield code="b">t</marc:subfield>
			<marc:subfield code="2">rdacontent</marc:subfield>
			<marc:subfield code="0">http://rdaregistry.info/termList/RDAContentType/1020 </marc:subfield>
		</marc:datafield>
		<marc:datafield tag="337" ind1=" " ind2=" ">
			<marc:subfield code="a">unmediated</marc:subfield>
			<marc:subfield code="b"/>
			<marc:subfield code="2">rdamedia</marc:subfield>
			<marc:subfield code="0">http://rdaregistry.info/termList/RDAMediaType/1007</marc:subfield>
		</marc:datafield>
		<marc:datafield tag="338" ind1=" " ind2=" ">
			<marc:subfield code="a">volume</marc:subfield>
			<marc:subfield code="b"/>
			<marc:subfield code="2">rdacarrier</marc:subfield>
			<marc:subfield code="0">http://rdaregistry.info/termList/RDACarrierType/1049</marc:subfield>
		</marc:datafield>
		<marc:datafield tag="380" ind1=" " ind2=" ">
			<marc:subfield code="a">novel</marc:subfield>
			<marc:subfield code="2">marcgt</marc:subfield>
			<marc:subfield code="0">http://id.loc.gov/vocabulary/marcgt/nov</marc:subfield>
		</marc:datafield>
		<marc:datafield tag="490" ind1="1" ind2=" ">
			<marc:subfield code="a">Cato Isaksen</marc:subfield>
			<marc:subfield code="v">8</marc:subfield>
		</marc:datafield>
		<marc:datafield tag="655" ind1=" " ind2="7">
			<marc:subfield code="a">Krim</marc:subfield>
		</marc:datafield>
		<marc:datafield tag="700" ind1="1" ind2=" ">
			<marc:subfield code="a">Tollefsen, Lotte K.</marc:subfield>
			<marc:subfield code="4">trl</marc:subfield>
			<marc:subfield code="0">http://viaf.org/viaf/292896787</marc:subfield>
		</marc:datafield>
		<marc:datafield tag="800" ind1="1" ind2=" ">
			<marc:subfield code="a">Lindell, Unni</marc:subfield>
			<marc:subfield code="t">Cato Isaksen</marc:subfield>
			<marc:subfield code="v">8</marc:subfield>
			<marc:subfield code="4">aut</marc:subfield>
			<marc:subfield code="0">https://www.wikidata.org/wiki/Q14895161</marc:subfield>
		</marc:datafield>
	</marc:record>