
	<marc:record>
		<marc:leader>02610ngm a2200577 c 4500</marc:leader>
		<marc:controlfield tag="001">a5574663</marc:controlfield>
		<marc:controlfield tag="003">SpMaBN</marc:controlfield>
		<marc:controlfield tag="005">20170609004446.6</marc:controlfield>
		<marc:controlfield tag="007">vd*cvaizs</marc:controlfield>
		<marc:controlfield tag="008">141119s2011    sp 092 g          vlmul</marc:controlfield>
		<marc:datafield tag="041" ind1="1" ind2=" ">
			<marc:subfield code="a">eng</marc:subfield>
			<marc:subfield code="a">spa</marc:subfield>
			<marc:subfield code="j">spa</marc:subfield>
		</marc:datafield>
		<marc:datafield tag="130" ind1="3" ind2=" ">
			<marc:subfield code="a">La ragazza del lago</marc:subfield>
			<marc:subfield code="l">Español-Italiano</marc:subfield>
		</marc:datafield>
		<marc:datafield tag="245" ind1="1" ind2="0">
			<marc:subfield code="a">No mires atrás =</marc:subfield>
			<marc:subfield code="b">La ragazza del lago</marc:subfield>
			<marc:subfield code="h">Videoopptak</marc:subfield>
			<marc:subfield code="c">director, Andrea Molaioli ; productores, Francesca Cima, Nicola Giuliano ; guion, Sandro Petraglia ; director de fotografía, Ramiro Civita ; música, Teho Teardo</marc:subfield>
		</marc:datafield>
		<marc:datafield tag="260" ind1=" " ind2=" ">
			<marc:subfield code="a">[Barcelona]</marc:subfield>
			<marc:subfield code="b">A Contracorriente Films</marc:subfield>
			<marc:subfield code="c">D.L. 2011</marc:subfield>
		</marc:datafield>
		<marc:datafield tag="300" ind1=" " ind2=" ">
			<marc:subfield code="a">1 DVD-Vídeo (ca. 92 min)</marc:subfield>
			<marc:subfield code="b">son., col.</marc:subfield>
		</marc:datafield>
		<marc:datafield tag="336" ind1=" " ind2=" ">
			<marc:subfield code="a">two dimensional moving image</marc:subfield>
			<marc:subfield code="b"/>
			<marc:subfield code="2">rdacontent</marc:subfield>
			<marc:subfield code="0">http://rdaregistry.info/termList/RDAContentType/1023</marc:subfield>
		</marc:datafield>
		<marc:datafield tag="337" ind1=" " ind2=" ">
			<marc:subfield code="a">video</marc:subfield>
			<marc:subfield code="b"/>
			<marc:subfield code="2">rdamedia</marc:subfield>
			<marc:subfield code="0"> http://rdaregistry.info/termList/RDAMediaType/1008</marc:subfield>
		</marc:datafield>
		<marc:datafield tag="338" ind1=" " ind2=" ">
			<marc:subfield code="a">videodisc</marc:subfield>
			<marc:subfield code="b"/>
			<marc:subfield code="2">rdacarrier</marc:subfield>
			<marc:subfield code="0">http://rdaregistry.info/termList/RDACarrierType/1060</marc:subfield>
		</marc:datafield>
		<marc:datafield tag="380" ind1=" " ind2=" ">
			<marc:subfield code="a">motion picture</marc:subfield>
			<marc:subfield code="2">marcgt</marc:subfield>
			<marc:subfield code="0">http://id.loc.gov/vocabulary/marcgt/mot</marc:subfield>
		</marc:datafield>
		<marc:datafield tag="500" ind1=" " ind2=" ">
			<marc:subfield code="a">Basada en el best seller de Karin Fossum</marc:subfield>
		</marc:datafield>
		<marc:datafield tag="500" ind1=" " ind2=" ">
			<marc:subfield code="a">Incluye los extras: tráiler, ficha artística y ficha técnica</marc:subfield>
		</marc:datafield>
		<marc:datafield tag="511" ind1="1" ind2=" ">
			<marc:subfield code="a">Toni Servillo, Valeria Golino, Omero Antonutti</marc:subfield>
		</marc:datafield>
		<marc:datafield tag="518" ind1=" " ind2=" ">
			<marc:subfield code="a">Largometraje producido en 2007 en Italia</marc:subfield>
		</marc:datafield>
		<marc:datafield tag="520" ind1="3" ind2=" ">
			<marc:subfield code="a">En un pequeño e idílico pueblo italiano se produce la muerte de una adolescente. El comisario Sanzio investiga el caso, pero la víctima parece tan misteriosa como el propio crimen</marc:subfield>
		</marc:datafield>
		<marc:datafield tag="521" ind1="1" ind2=" ">
			<marc:subfield code="a">No recomendada menores de 7 años</marc:subfield>
		</marc:datafield>
		<marc:datafield tag="655" ind1=" " ind2="7">
			<marc:subfield code="a">Film</marc:subfield>
			<marc:subfield code="a">Krim</marc:subfield>
		</marc:datafield>
		<marc:datafield tag="655" ind1=" " ind2=" ">
			<marc:subfield code="a">Video</marc:subfield>
		</marc:datafield>
		<marc:datafield tag="655" ind1=" " ind2=" ">
			<marc:subfield code="a">DVD</marc:subfield>
		</marc:datafield>
		<marc:datafield tag="655" ind1=" " ind2="7">
			<marc:subfield code="a">Drama</marc:subfield>
		</marc:datafield>
		<marc:datafield tag="700" ind1="1" ind2=" ">
			<marc:subfield code="a">Molaioli, Andrea</marc:subfield>
			<marc:subfield code="d">1967-</marc:subfield>
			<marc:subfield code="e">director de cine</marc:subfield>
			<marc:subfield code="4">fmd</marc:subfield>
		</marc:datafield>
		<marc:datafield tag="700" ind1="1" ind2=" ">
			<marc:subfield code="a">Cima, Francesca</marc:subfield>
			<marc:subfield code="e">productor</marc:subfield>
			<marc:subfield code="4">pro</marc:subfield>
		</marc:datafield>
		<marc:datafield tag="700" ind1="1" ind2=" ">
			<marc:subfield code="a">Giuliano, Nicola</marc:subfield>
			<marc:subfield code="e">productor</marc:subfield>
			<marc:subfield code="4">pro</marc:subfield>
		</marc:datafield>
		<marc:datafield tag="700" ind1="1" ind2=" ">
			<marc:subfield code="a">Petraglia, Sandro</marc:subfield>
			<marc:subfield code="d">1947-</marc:subfield>
			<marc:subfield code="e">guionista</marc:subfield>
			<marc:subfield code="4">aus</marc:subfield>
		</marc:datafield>
		<marc:datafield tag="700" ind1="1" ind2=" ">
			<marc:subfield code="a">Civita, Ramiro</marc:subfield>
			<marc:subfield code="e">director de fotografía</marc:subfield>
			<marc:subfield code="4">cng</marc:subfield>
		</marc:datafield>
		<marc:datafield tag="700" ind1="1" ind2=" ">
			<marc:subfield code="a">Teardo, Teho</marc:subfield>
			<marc:subfield code="e">compositor</marc:subfield>
			<marc:subfield code="4">cmp</marc:subfield>
		</marc:datafield>
		<marc:datafield tag="700" ind1="1" ind2=" ">
			<marc:subfield code="a">Servillo, Toni</marc:subfield>
			<marc:subfield code="d">1959-</marc:subfield>
			<marc:subfield code="e">actor</marc:subfield>
			<marc:subfield code="4">act</marc:subfield>
		</marc:datafield>
		<marc:datafield tag="700" ind1="1" ind2=" ">
			<marc:subfield code="a">Golino, Valeria</marc:subfield>
			<marc:subfield code="d">1966-</marc:subfield>
			<marc:subfield code="e">actor</marc:subfield>
			<marc:subfield code="4">act</marc:subfield>
		</marc:datafield>
		<marc:datafield tag="700" ind1="1" ind2=" ">
			<marc:subfield code="a">Antonutti, Omero</marc:subfield>
			<marc:subfield code="d">1935-</marc:subfield>
			<marc:subfield code="e">actor</marc:subfield>
			<marc:subfield code="4">act</marc:subfield>
		</marc:datafield>
		<marc:datafield tag="700" ind1="1" ind2=" ">
			<marc:subfield code="a">Fossum, Karin</marc:subfield>
			<marc:subfield code="d">1954-</marc:subfield>
			<marc:subfield code="i">Adaptation of work</marc:subfield>
			<marc:subfield code="t">Se deg ikke tilbake!</marc:subfield>
			<marc:subfield code="1">http://viaf.org/viaf/9129151051843933530004</marc:subfield>
			<marc:subfield code="4">http://rdaregistry.info/Elements/w/P10142</marc:subfield>
		</marc:datafield>
	</marc:record>