
	<marc:record>
		<marc:leader>03528cgm a2200649Ic 4500</marc:leader>
		<marc:controlfield tag="001">a5045882</marc:controlfield>
		<marc:controlfield tag="003">SpMaBN</marc:controlfield>
		<marc:controlfield tag="005">20161005004037.4</marc:controlfield>
		<marc:controlfield tag="007">vd*cvaigq</marc:controlfield>
		<marc:controlfield tag="008">110516s2010    sp 0495e          1 mul</marc:controlfield>
		<marc:datafield tag="041" ind1="1" ind2=" ">
			<marc:subfield code="a">spa</marc:subfield>
			<marc:subfield code="a">swe</marc:subfield>
			<marc:subfield code="a">ice</marc:subfield>
			<marc:subfield code="a">nor</marc:subfield>
			<marc:subfield code="b">spa</marc:subfield>
			<marc:subfield code="b">cat</marc:subfield>
			<marc:subfield code="d">swe</marc:subfield>
			<marc:subfield code="d">ice</marc:subfield>
			<marc:subfield code="d">nor</marc:subfield>
		</marc:datafield>
		<marc:datafield tag="245" ind1="0" ind2="0">
			<marc:subfield code="a">Generación Millennium.</marc:subfield>
			<marc:subfield code="n">Vol. 1</marc:subfield>
			<marc:subfield code="h">Videoopptak</marc:subfield>
		</marc:datafield>
		<marc:datafield tag="260" ind1=" " ind2=" ">
			<marc:subfield code="a">Barcelona</marc:subfield>
			<marc:subfield code="b">A contracorriente Films</marc:subfield>
			<marc:subfield code="c">D.L. 2010</marc:subfield>
		</marc:datafield>
		<marc:datafield tag="300" ind1=" " ind2=" ">
			<marc:subfield code="a">5 DVD-Vídeo (ca. 99, 91, 97, 113 y 95 min)</marc:subfield>
			<marc:subfield code="b">son., col.</marc:subfield>
			<marc:subfield code="e">1 funda-estuche</marc:subfield>
		</marc:datafield>
		<marc:datafield tag="336" ind1=" " ind2=" ">
			<marc:subfield code="a">two dimensional moving image</marc:subfield>
			<marc:subfield code="b"/>
			<marc:subfield code="2">rdacontent</marc:subfield>
			<marc:subfield code="0">http://rdaregistry.info/termList/RDAContentType/1023</marc:subfield>
		</marc:datafield>
		<marc:datafield tag="337" ind1=" " ind2=" ">
			<marc:subfield code="a">video</marc:subfield>
			<marc:subfield code="b"/>
			<marc:subfield code="2">rdamedia</marc:subfield>
			<marc:subfield code="0"> http://rdaregistry.info/termList/RDAMediaType/1008</marc:subfield>
		</marc:datafield>
		<marc:datafield tag="338" ind1=" " ind2=" ">
			<marc:subfield code="a">videodisc</marc:subfield>
			<marc:subfield code="b"/>
			<marc:subfield code="2">rdacarrier</marc:subfield>
			<marc:subfield code="0">http://rdaregistry.info/termList/RDACarrierType/1060</marc:subfield>
		</marc:datafield>
		<marc:datafield tag="380" ind1=" " ind2=" ">
			<marc:subfield code="a">motion picture</marc:subfield>
			<marc:subfield code="2">marcgt</marc:subfield>
			<marc:subfield code="0">http://id.loc.gov/vocabulary/marcgt/mot</marc:subfield>
		</marc:datafield>
		<marc:datafield tag="500" ind1=" " ind2=" ">
			<marc:subfield code="a">Basadas en las novelas homónimas de Åsa Larsson, Arnaldur Indridason, Karin Fossum, Anne Holt y Maj Sjöwall y Per Wahlöö</marc:subfield>
		</marc:datafield>
		<marc:datafield tag="500" ind1=" " ind2=" ">
			<marc:subfield code="a">Incluye extras con información adicional</marc:subfield>
		</marc:datafield>
		<marc:datafield tag="505" ind1="0" ind2=" ">
			<marc:subfield code="a">Disco 1. Aurora boreal = Solstorm / una película de Leif Lindblom -- Disco 2. Las marismas = Mýrin / una película de Baltasar Kormákur -- Disco 3. El ojo de Eva = Evas øye / una película de Berit Nesheim -- Disco 4. Bienaventurados los sedientos = Salige er de som tørster / una película de Carl Jørgen Kiønig -- Disco 5. Roseanna / una película de Daniel Alfredson</marc:subfield>
		</marc:datafield>
		<marc:datafield tag="518" ind1=" " ind2=" ">
			<marc:subfield code="a">Películas realizadas entre 1993 y 2007</marc:subfield>
		</marc:datafield>
		<marc:datafield tag="520" ind1="3" ind2=" ">
			<marc:subfield code="a">Adaptaciones a la pantalla de varios best-seller de la novela negra nórdica</marc:subfield>
		</marc:datafield>
		<marc:datafield tag="521" ind1=" " ind2=" ">
			<marc:subfield code="a">No recomendada para menores de 16 años (Aurora boreal y Las marismas)</marc:subfield>
		</marc:datafield>
		<marc:datafield tag="521" ind1=" " ind2=" ">
			<marc:subfield code="a">No recomendada para menores de 18 años (El ojo de Eva, Bienaventurados los sedientos y Roseanna)</marc:subfield>
		</marc:datafield>
		<marc:datafield tag="546" ind1=" " ind2=" ">
			<marc:subfield code="a">Versiones en español y sueco (Aurora Boreal y Roseanna), español e islandés (Las marismas) y español y noruego (El ojo de Eva y Bienaventurados los sedientos), con subtítulos opcionales en castellano y catalán</marc:subfield>
		</marc:datafield>
		<marc:datafield tag="597" ind1=" " ind2=" ">
			<marc:subfield code="a">Formato de pantalla 16:9 anamórfico compatible con 4:3 (Aurora Boreal, Las marismas y El ojo de Eva) y formato de pantalla 4:3 (Bienaventurados los sedientos y Roseanna)</marc:subfield>
		</marc:datafield>
		<marc:datafield tag="597" ind1=" " ind2=" ">
			<marc:subfield code="a">Formato de película 2.35:1 (Aurora Boreal y Las marismas), 1.85:1 (El ojo de Eva) y 1.66:1 (Bienaventurados los sedientos y Roseanna)</marc:subfield>
		</marc:datafield>
		<marc:datafield tag="655" ind1=" " ind2=" ">
			<marc:subfield code="a">DVD</marc:subfield>
		</marc:datafield>
		<marc:datafield tag="655" ind1=" " ind2=" ">
			<marc:subfield code="a">Video</marc:subfield>
		</marc:datafield>
		<marc:datafield tag="655" ind1=" " ind2=" ">
			<marc:subfield code="a">Krim</marc:subfield>
		</marc:datafield>
		<marc:datafield tag="700" ind1="1" ind2=" ">
			<marc:subfield code="a">Lindblom, Leif</marc:subfield>
			<marc:subfield code="4">drt</marc:subfield>
			<marc:subfield code="0">https://www.imdb.com/name/nm0511460/</marc:subfield>
		</marc:datafield>
		<marc:datafield tag="700" ind1="1" ind2=" ">
			<marc:subfield code="a">Kormákur, Baltasar</marc:subfield>
			<marc:subfield code="d">1966-</marc:subfield>
			<marc:subfield code="4">aus</marc:subfield>
			<marc:subfield code="0">http://viaf.org/viaf/22430487</marc:subfield>
		</marc:datafield>
		<marc:datafield tag="700" ind1="1" ind2=" ">
			<marc:subfield code="a">Nesheim, Berit</marc:subfield>
			<marc:subfield code="4">aus</marc:subfield>
			<marc:subfield code="0">http://viaf.org/viaf/305386414</marc:subfield>
		</marc:datafield>
		<marc:datafield tag="700" ind1="1" ind2=" ">
			<marc:subfield code="a">Kiønig, Carl Jørgen</marc:subfield>
			<marc:subfield code="4">drt</marc:subfield>
			<marc:subfield code="0">http://viaf.org/viaf/315549601</marc:subfield>
		</marc:datafield>
		<marc:datafield tag="700" ind1="1" ind2=" ">
			<marc:subfield code="a">Alfredson, Daniel</marc:subfield>
			<marc:subfield code="d">1959-</marc:subfield>
			<marc:subfield code="4">drt</marc:subfield>
			<marc:subfield code="0">http://viaf.org/viaf/122172405</marc:subfield>
		</marc:datafield>
		<marc:datafield tag="700" ind1="1" ind2=" ">
			<marc:subfield code="a">Holt, Anne</marc:subfield>
			<marc:subfield code="d">1958-</marc:subfield>
			<marc:subfield code="i">Adaptation of work</marc:subfield>
			<marc:subfield code="t">Salige er de som tørster</marc:subfield>
			<marc:subfield code="1">http://viaf.org/viaf/1887151474937700490006</marc:subfield>
			<marc:subfield code="4">http://rdaregistry.info/Elements/w/P10142</marc:subfield>
		</marc:datafield>
		<marc:datafield tag="700" ind1="1" ind2=" ">
			<marc:subfield code="a">Larsson, Åsa</marc:subfield>
			<marc:subfield code="d">1966-</marc:subfield>
			<marc:subfield code="i">Adaptation of work</marc:subfield>
			<marc:subfield code="t">Solstorm</marc:subfield>
			<marc:subfield code="1">http://viaf.org/viaf/1184151474811900490002</marc:subfield>
			<marc:subfield code="4">http://rdaregistry.info/Elements/w/P10142</marc:subfield>
		</marc:datafield>
		<marc:datafield tag="700" ind1="1" ind2=" ">
			<marc:subfield code="a">Arnaldur Indriðason</marc:subfield>
			<marc:subfield code="d">1961-</marc:subfield>
			<marc:subfield code="i">Adaptation of work</marc:subfield>
			<marc:subfield code="t">Mýrin</marc:subfield>
			<marc:subfield code="1">http://viaf.org/viaf/312370428</marc:subfield>
			<marc:subfield code="4">http://rdaregistry.info/Elements/w/P10142</marc:subfield>
		</marc:datafield>
		<marc:datafield tag="700" ind1="1" ind2=" ">
			<marc:subfield code="a">Fossum, Karin</marc:subfield>
			<marc:subfield code="d">1954-</marc:subfield>
			<marc:subfield code="i">Adaptation of work</marc:subfield>
			<marc:subfield code="t">Evas øye</marc:subfield>
			<marc:subfield code="1">http://viaf.org/viaf/2949151051818133530003</marc:subfield>
			<marc:subfield code="4">http://rdaregistry.info/Elements/w/P10142</marc:subfield>
		</marc:datafield>
		<marc:datafield tag="700" ind1="1" ind2=" ">
			<marc:subfield code="a">Sjöwall, Maj</marc:subfield>
			<marc:subfield code="d">1935-</marc:subfield>
			<marc:subfield code="i">Adaptation of work</marc:subfield>
			<marc:subfield code="t">Roseanna</marc:subfield>
			<marc:subfield code="1">http://viaf.org/viaf/8618149068596265730000</marc:subfield>
			<marc:subfield code="4">http://rdaregistry.info/Elements/w/P10142</marc:subfield>
		</marc:datafield>
		<marc:datafield tag="730" ind1="0" ind2="2">
			<marc:subfield code="a">Solstorm</marc:subfield>
			<marc:subfield code="l">Español-Sueco</marc:subfield>
		</marc:datafield>
		<marc:datafield tag="730" ind1="0" ind2="2">
			<marc:subfield code="a">Mýrin</marc:subfield>
			<marc:subfield code="l">Español-Islandés</marc:subfield>
		</marc:datafield>
		<marc:datafield tag="730" ind1="0" ind2="2">
			<marc:subfield code="a">Evas øye</marc:subfield>
			<marc:subfield code="l">Español-Noruego</marc:subfield>
		</marc:datafield>
		<marc:datafield tag="730" ind1="0" ind2="2">
			<marc:subfield code="a">Salige er de som tørster</marc:subfield>
			<marc:subfield code="l">Español-Noruego</marc:subfield>
		</marc:datafield>
		<marc:datafield tag="730" ind1="0" ind2="2">
			<marc:subfield code="a">Roseanna</marc:subfield>
			<marc:subfield code="l">Español-Sueco</marc:subfield>
		</marc:datafield>
		<marc:datafield tag="740" ind1="0" ind2="2">
			<marc:subfield code="a">Aurora boreal</marc:subfield>
		</marc:datafield>
		<marc:datafield tag="740" ind1="4" ind2="2">
			<marc:subfield code="a">Las marismas</marc:subfield>
		</marc:datafield>
		<marc:datafield tag="740" ind1="3" ind2="2">
			<marc:subfield code="a">El ojo de Eva</marc:subfield>
		</marc:datafield>
		<marc:datafield tag="740" ind1="0" ind2="2">
			<marc:subfield code="a">Bienaventurados los sedientos</marc:subfield>
		</marc:datafield>
		<marc:datafield tag="740" ind1="0" ind2="2">
			<marc:subfield code="a">Roseanna</marc:subfield>
		</marc:datafield>
	</marc:record>