
	<marc:record>
		<marc:leader>02767ngm a2200589 c 4500</marc:leader>
		<marc:controlfield tag="001">a6082447</marc:controlfield>
		<marc:controlfield tag="003">SpMaBN</marc:controlfield>
		<marc:controlfield tag="005">20171221111241.5</marc:controlfield>
		<marc:controlfield tag="007">vd*cvaizk</marc:controlfield>
		<marc:controlfield tag="008">171220s2016    sp 108 g      q   vlspa</marc:controlfield>
		<marc:datafield tag="024" ind1="3" ind2=" ">
			<marc:subfield code="a">8414533100144</marc:subfield>
		</marc:datafield>
		<marc:datafield tag="041" ind1="1" ind2=" ">
			<marc:subfield code="a">spa</marc:subfield>
			<marc:subfield code="a">dan</marc:subfield>
			<marc:subfield code="h">dan</marc:subfield>
			<marc:subfield code="j">spa</marc:subfield>
		</marc:datafield>
		<marc:datafield tag="130" ind1="0" ind2=" ">
			<marc:subfield code="a">Flaskepost fra P (Película cinematográfica)</marc:subfield>
			<marc:subfield code="l">Español-Danés</marc:subfield>
		</marc:datafield>
		<marc:datafield tag="245" ind1="1" ind2="0">
			<marc:subfield code="a">Redención =</marc:subfield>
			<marc:subfield code="b">A conspiracy of faith</marc:subfield>
			<marc:subfield code="c">un film de Hans Petter Moland ; productor, Louise Vesth ; guión, Nikolaj Arcel ; director de fotografía, John Andreas Andersen ; música, Nicklas Schmidt</marc:subfield>
		</marc:datafield>
		<marc:datafield tag="260" ind1=" " ind2=" ">
			<marc:subfield code="a">Madrid</marc:subfield>
			<marc:subfield code="b">Vértigo Films</marc:subfield>
			<marc:subfield code="b">distribuido por Sony Pictures</marc:subfield>
			<marc:subfield code="c">D.L. 2016</marc:subfield>
		</marc:datafield>
		<marc:datafield tag="300" ind1=" " ind2=" ">
			<marc:subfield code="a">1 DVD-Vídeo (ca. 108 min.)</marc:subfield>
			<marc:subfield code="b">son., col.</marc:subfield>
		</marc:datafield>
		<marc:datafield tag="336" ind1=" " ind2=" ">
			<marc:subfield code="a">two dimensional moving image</marc:subfield>
			<marc:subfield code="b"/>
			<marc:subfield code="2">rdacontent</marc:subfield>
			<marc:subfield code="0">http://rdaregistry.info/termList/RDAContentType/1023</marc:subfield>
		</marc:datafield>
		<marc:datafield tag="337" ind1=" " ind2=" ">
			<marc:subfield code="a">video</marc:subfield>
			<marc:subfield code="b"/>
			<marc:subfield code="2">rdamedia</marc:subfield>
			<marc:subfield code="0"> http://rdaregistry.info/termList/RDAMediaType/1008</marc:subfield>
		</marc:datafield>
		<marc:datafield tag="338" ind1=" " ind2=" ">
			<marc:subfield code="a">videodisc</marc:subfield>
			<marc:subfield code="b"/>
			<marc:subfield code="2">rdacarrier</marc:subfield>
			<marc:subfield code="0">http://rdaregistry.info/termList/RDACarrierType/1060</marc:subfield>
		</marc:datafield>
		<marc:datafield tag="380" ind1=" " ind2=" ">
			<marc:subfield code="a">motion picture</marc:subfield>
			<marc:subfield code="2">marcgt</marc:subfield>
			<marc:subfield code="0">http://id.loc.gov/vocabulary/marcgt/mot</marc:subfield>
		</marc:datafield>
		<marc:datafield tag="440" ind1=" " ind2=" ">
			<marc:subfield code="a">Afdeling Q</marc:subfield>
		</marc:datafield>
		<marc:datafield tag="490" ind1="0" ind2=" ">
			<marc:subfield code="a">Los casos del Departamento Q</marc:subfield>
			<marc:subfield code="v">3</marc:subfield>
		</marc:datafield>
		<marc:datafield tag="500" ind1=" " ind2=" ">
			<marc:subfield code="a">Basada en la novela de Jussi Adler-Olsen</marc:subfield>
		</marc:datafield>
		<marc:datafield tag="511" ind1="1" ind2=" ">
			<marc:subfield code="a">Nikolaj Lie Kaas, Fares Fares, Päl Sverre Hagen</marc:subfield>
		</marc:datafield>
		<marc:datafield tag="518" ind1=" " ind2=" ">
			<marc:subfield code="a">Largometraje realizado en 2016 en Dinamarca</marc:subfield>
		</marc:datafield>
		<marc:datafield tag="520" ind1="3" ind2=" ">
			<marc:subfield code="a">Un antiguo mensaje es encontrado en una botella en Escocia tras un largo viaje a través del océano. La nota es difícil de descifrar, pero cuando el investigador danés del departamento Q lo consigue, tratará junto a su particular equipo de resolver otro diabólico caso abandonado a pesar de que las huellas de este prácticamente han desaparecido</marc:subfield>
		</marc:datafield>
		<marc:datafield tag="521" ind1="1" ind2=" ">
			<marc:subfield code="a">No recomendada para menores de 16 años</marc:subfield>
		</marc:datafield>
		<marc:datafield tag="530" ind1=" " ind2=" ">
			<marc:subfield code="a">Disponible también en Blu-ray</marc:subfield>
		</marc:datafield>
		<marc:datafield tag="546" ind1=" " ind2=" ">
			<marc:subfield code="a">Versiones en español y danés, con subtítulos opcionales en español</marc:subfield>
		</marc:datafield>
		<marc:datafield tag="597" ind1=" " ind2=" ">
			<marc:subfield code="a">Sistema de grabación del color PAL</marc:subfield>
		</marc:datafield>
		<marc:datafield tag="597" ind1=" " ind2=" ">
			<marc:subfield code="a">Formato de pantalla 16:9</marc:subfield>
		</marc:datafield>
		<marc:datafield tag="597" ind1=" " ind2=" ">
			<marc:subfield code="a">Formato de película 2.35:1</marc:subfield>
		</marc:datafield>
		<marc:datafield tag="597" ind1=" " ind2=" ">
			<marc:subfield code="a">Formato de sonido Dolby Digital 5.1 y 2.0</marc:subfield>
		</marc:datafield>
		<marc:datafield tag="655" ind1=" " ind2=" ">
			<marc:subfield code="a">DVD</marc:subfield>
		</marc:datafield>
		<marc:datafield tag="655" ind1=" " ind2=" ">
			<marc:subfield code="a">Video</marc:subfield>
		</marc:datafield>
		<marc:datafield tag="655" ind1=" " ind2=" ">
			<marc:subfield code="a">Krim</marc:subfield>
		</marc:datafield>
		<marc:datafield tag="700" ind1="1" ind2=" ">
			<marc:subfield code="a">Moland, Hans Petter</marc:subfield>
			<marc:subfield code="d">1955-</marc:subfield>
			<marc:subfield code="e">director de cine</marc:subfield>
			<marc:subfield code="4">fmd</marc:subfield>
			<marc:subfield code="0">http://viaf.org/viaf/292950212</marc:subfield>
		</marc:datafield>
		<marc:datafield tag="700" ind1="1" ind2=" ">
			<marc:subfield code="a">Vesth, Louise</marc:subfield>
			<marc:subfield code="e">productor</marc:subfield>
			<marc:subfield code="4">pro</marc:subfield>
			<marc:subfield code="0">http://viaf.org/viaf/232543582</marc:subfield>
		</marc:datafield>
		<marc:datafield tag="700" ind1="1" ind2=" ">
			<marc:subfield code="a">Arcel, Nikolaj</marc:subfield>
			<marc:subfield code="d">1972-</marc:subfield>
			<marc:subfield code="e">guionista</marc:subfield>
			<marc:subfield code="4">aus</marc:subfield>
			<marc:subfield code="0">http://viaf.org/viaf/262531535</marc:subfield>
		</marc:datafield>
		<marc:datafield tag="700" ind1="1" ind2=" ">
			<marc:subfield code="a">Andersen, John Andreas</marc:subfield>
			<marc:subfield code="d">1971-</marc:subfield>
			<marc:subfield code="e">director de fotografía</marc:subfield>
			<marc:subfield code="4">cng</marc:subfield>
			<marc:subfield code="0">http://viaf.org/viaf/186922733</marc:subfield>
		</marc:datafield>
		<marc:datafield tag="700" ind1="1" ind2=" ">
			<marc:subfield code="a">Schmidt, Nicklas</marc:subfield>
			<marc:subfield code="d">1976-</marc:subfield>
			<marc:subfield code="e">compositor</marc:subfield>
			<marc:subfield code="4">cmp</marc:subfield>
			<marc:subfield code="0">http://viaf.org/viaf/5590150749014516420007</marc:subfield>
		</marc:datafield>
		<marc:datafield tag="700" ind1="1" ind2=" ">
			<marc:subfield code="a">Kaas, Nikolaj Lie</marc:subfield>
			<marc:subfield code="e">actor</marc:subfield>
			<marc:subfield code="4">act</marc:subfield>
			<marc:subfield code="0">http://viaf.org/viaf/86940140</marc:subfield>
		</marc:datafield>
		<marc:datafield tag="700" ind1="1" ind2=" ">
			<marc:subfield code="a">Fares, Fares</marc:subfield>
			<marc:subfield code="d">1973-</marc:subfield>
			<marc:subfield code="e">actor</marc:subfield>
			<marc:subfield code="4">act</marc:subfield>
			<marc:subfield code="0">http://viaf.org/viaf/165358398</marc:subfield>
		</marc:datafield>
		<marc:datafield tag="700" ind1="1" ind2=" ">
			<marc:subfield code="a">Hagen, Pål Sverre Valheim</marc:subfield>
			<marc:subfield code="d">1980-</marc:subfield>
			<marc:subfield code="e">actor</marc:subfield>
			<marc:subfield code="4">act</marc:subfield>
			<marc:subfield code="0">http://viaf.org/viaf/106862979</marc:subfield>
		</marc:datafield>
		<marc:datafield tag="700" ind1="1" ind2=" ">
			<marc:subfield code="a">Adler-Olsen, Jussi</marc:subfield>
			<marc:subfield code="d">1950-</marc:subfield>
			<marc:subfield code="i">Adaptation of work</marc:subfield>
			<marc:subfield code="t">Flaskepost fra P</marc:subfield>
			<marc:subfield code="1">http://viaf.org/viaf/1177151656224808400000</marc:subfield>
			<marc:subfield code="4">http://rdaregistry.info/Elements/w/P10142</marc:subfield>
		</marc:datafield>
	</marc:record>