
	<marc:record>
		<marc:leader>02970ngm a2200613 c 4500</marc:leader>
		<marc:controlfield tag="001">a5767555</marc:controlfield>
		<marc:controlfield tag="003">SpMaBN</marc:controlfield>
		<marc:controlfield tag="005">20160315092942.3</marc:controlfield>
		<marc:controlfield tag="007">vd*cvaizq</marc:controlfield>
		<marc:controlfield tag="008">160308s2015    sp 115 e      q   vlspa</marc:controlfield>
		<marc:datafield tag="041" ind1="1" ind2=" ">
			<marc:subfield code="a">spa</marc:subfield>
			<marc:subfield code="a">dan</marc:subfield>
			<marc:subfield code="j">spa</marc:subfield>
			<marc:subfield code="h">dan</marc:subfield>
		</marc:datafield>
		<marc:datafield tag="130" ind1="0" ind2=" ">
			<marc:subfield code="a">Fasandræberne</marc:subfield>
			<marc:subfield code="l">Español-Danés</marc:subfield>
		</marc:datafield>
		<marc:datafield tag="245" ind1="1" ind2="0">
			<marc:subfield code="a">Profanación =</marc:subfield>
			<marc:subfield code="b">Profanation</marc:subfield>
			<marc:subfield code="c">dirigida por Mikkel Nørgaard ; música, Johan Söderqvist, Patrik Andrén, Uno Helmersson ; director de fotografía, Eric Kress ; productores, Jonas Bagger, Peter Aalbæk Jensen ; guión, Nikolaj Arcel, Rasmus Heisterberg</marc:subfield>
		</marc:datafield>
		<marc:datafield tag="260" ind1=" " ind2=" ">
			<marc:subfield code="a">Madrid</marc:subfield>
			<marc:subfield code="b">Vértigo Films</marc:subfield>
			<marc:subfield code="b">distribuido por Paramount Home Entertainment</marc:subfield>
			<marc:subfield code="c">D.L. 2015</marc:subfield>
		</marc:datafield>
		<marc:datafield tag="300" ind1=" " ind2=" ">
			<marc:subfield code="a">1 DVD-Vídeo (ca. 115 min.)</marc:subfield>
			<marc:subfield code="b">son., col.</marc:subfield>
		</marc:datafield>
		<marc:datafield tag="336" ind1=" " ind2=" ">
			<marc:subfield code="a">two dimensional moving image</marc:subfield>
			<marc:subfield code="b"/>
			<marc:subfield code="2">rdacontent</marc:subfield>
			<marc:subfield code="0">http://rdaregistry.info/termList/RDAContentType/1023</marc:subfield>
		</marc:datafield>
		<marc:datafield tag="337" ind1=" " ind2=" ">
			<marc:subfield code="a">video</marc:subfield>
			<marc:subfield code="b"/>
			<marc:subfield code="2">rdamedia</marc:subfield>
			<marc:subfield code="0"> http://rdaregistry.info/termList/RDAMediaType/1008</marc:subfield>
		</marc:datafield>
		<marc:datafield tag="338" ind1=" " ind2=" ">
			<marc:subfield code="a">videodisc</marc:subfield>
			<marc:subfield code="b"/>
			<marc:subfield code="2">rdacarrier</marc:subfield>
			<marc:subfield code="0">http://rdaregistry.info/termList/RDACarrierType/1060</marc:subfield>
		</marc:datafield>
		<marc:datafield tag="380" ind1=" " ind2=" ">
			<marc:subfield code="a">motion picture</marc:subfield>
			<marc:subfield code="2">marcgt</marc:subfield>
			<marc:subfield code="0">http://id.loc.gov/vocabulary/marcgt/mot</marc:subfield>
		</marc:datafield>
		<marc:datafield tag="440" ind1=" " ind2=" ">
			<marc:subfield code="a">Afdeling Q</marc:subfield>
		</marc:datafield>
		<marc:datafield tag="490" ind1="0" ind2=" ">
			<marc:subfield code="a">Los casos del Departamento Q</marc:subfield>
		</marc:datafield>
		<marc:datafield tag="500" ind1=" " ind2=" ">
			<marc:subfield code="a">Basada en la novela de Jussi Adler-Olsen</marc:subfield>
		</marc:datafield>
		<marc:datafield tag="500" ind1=" " ind2=" ">
			<marc:subfield code="a">Incluye como contenido extra el trailer</marc:subfield>
		</marc:datafield>
		<marc:datafield tag="511" ind1="1" ind2=" ">
			<marc:subfield code="a">Nikolaj Lie Kaas, Fares Fares, Pilou Asbæk</marc:subfield>
		</marc:datafield>
		<marc:datafield tag="518" ind1=" " ind2=" ">
			<marc:subfield code="a">Largometraje realizado en 2014 en Dinamarca</marc:subfield>
		</marc:datafield>
		<marc:datafield tag="520" ind1="3" ind2=" ">
			<marc:subfield code="a">Carl Mørck vuelve a la acción con un caso que le llevará hasta los tres hombres más poderosos de Dinamarca. El asesinato de dos adolescentes copó todas las portadas a finales de los años 90 debido a su brutalidad y a la gente adinerada que estuvo implicada. Parecía que todo había acabado cuando un hombre se entrega como culpable sin motivo aparente, pero entonces, ¿por qué ha llegado el caso hasta el Departamento Q?</marc:subfield>
		</marc:datafield>
		<marc:datafield tag="521" ind1=" " ind2=" ">
			<marc:subfield code="a">No recomendada para menores de 18 años</marc:subfield>
		</marc:datafield>
		<marc:datafield tag="546" ind1=" " ind2=" ">
			<marc:subfield code="a">Versiones en español y danés, con subtítulos opcionales en español</marc:subfield>
		</marc:datafield>
		<marc:datafield tag="597" ind1=" " ind2=" ">
			<marc:subfield code="a">Sistema de grabación del color PAL</marc:subfield>
		</marc:datafield>
		<marc:datafield tag="597" ind1=" " ind2=" ">
			<marc:subfield code="a">Formato de pantalla 16:9</marc:subfield>
		</marc:datafield>
		<marc:datafield tag="597" ind1=" " ind2=" ">
			<marc:subfield code="a">Formato de película 2.39:1</marc:subfield>
		</marc:datafield>
		<marc:datafield tag="597" ind1=" " ind2=" ">
			<marc:subfield code="a">Formato de sonido Dolby Digital</marc:subfield>
		</marc:datafield>
		<marc:datafield tag="597" ind1=" " ind2=" ">
			<marc:subfield code="a">Formato de doble capa de lectura (DVD 9)</marc:subfield>
		</marc:datafield>
		<marc:datafield tag="655" ind1=" " ind2=" ">
			<marc:subfield code="a">DVD</marc:subfield>
		</marc:datafield>
		<marc:datafield tag="655" ind1=" " ind2=" ">
			<marc:subfield code="a">Video</marc:subfield>
		</marc:datafield>
		<marc:datafield tag="655" ind1=" " ind2=" ">
			<marc:subfield code="a">Krim</marc:subfield>
		</marc:datafield>
		<marc:datafield tag="700" ind1="1" ind2=" ">
			<marc:subfield code="a">Nørgaard,  Mikkel</marc:subfield>
			<marc:subfield code="e">director de cine</marc:subfield>
			<marc:subfield code="4">fmd</marc:subfield>
			<marc:subfield code="0">http://viaf.org/viaf/311821935</marc:subfield>
		</marc:datafield>
		<marc:datafield tag="700" ind1="1" ind2=" ">
			<marc:subfield code="a">Söderqvist, Johan</marc:subfield>
			<marc:subfield code="d">1966-</marc:subfield>
			<marc:subfield code="e">compositor</marc:subfield>
			<marc:subfield code="4">cmp</marc:subfield>
			<marc:subfield code="0">http://viaf.org/viaf/2442077</marc:subfield>
		</marc:datafield>
		<marc:datafield tag="700" ind1="1" ind2=" ">
			<marc:subfield code="a">Andrén, Patrik</marc:subfield>
			<marc:subfield code="e">compositor</marc:subfield>
			<marc:subfield code="4">cmp</marc:subfield>
			<marc:subfield code="0">http://viaf.org/viaf/313415200</marc:subfield>
		</marc:datafield>
		<marc:datafield tag="700" ind1="1" ind2=" ">
			<marc:subfield code="a">Helmersson, Uno</marc:subfield>
			<marc:subfield code="e">compositor</marc:subfield>
			<marc:subfield code="4">cmp</marc:subfield>
			<marc:subfield code="0">http://viaf.org/viaf/172246120</marc:subfield>
		</marc:datafield>
		<marc:datafield tag="700" ind1="1" ind2=" ">
			<marc:subfield code="a">Kress, Eric</marc:subfield>
			<marc:subfield code="d">1962-</marc:subfield>
			<marc:subfield code="e">director de fotografía</marc:subfield>
			<marc:subfield code="4">cng</marc:subfield>
			<marc:subfield code="0">http://viaf.org/viaf/101264432</marc:subfield>
		</marc:datafield>
		<marc:datafield tag="700" ind1="1" ind2=" ">
			<marc:subfield code="a">Bagger, Jonas</marc:subfield>
			<marc:subfield code="d">1979-</marc:subfield>
			<marc:subfield code="4">drt</marc:subfield>
			<marc:subfield code="0">http://viaf.org/viaf/316144782727067813806</marc:subfield>
		</marc:datafield>
		<marc:datafield tag="700" ind1="1" ind2=" ">
			<marc:subfield code="a">Aalbæk Jensen, Peter</marc:subfield>
			<marc:subfield code="e">productor</marc:subfield>
			<marc:subfield code="4">pro</marc:subfield>
			<marc:subfield code="0">http://viaf.org/viaf/34365870</marc:subfield>
		</marc:datafield>
		<marc:datafield tag="700" ind1="1" ind2=" ">
			<marc:subfield code="a">Arcel, Nikolaj</marc:subfield>
			<marc:subfield code="d">1972-</marc:subfield>
			<marc:subfield code="e">guionista</marc:subfield>
			<marc:subfield code="4">aus</marc:subfield>
			<marc:subfield code="0">http://viaf.org/viaf/262531535</marc:subfield>
		</marc:datafield>
		<marc:datafield tag="700" ind1="1" ind2=" ">
			<marc:subfield code="a">Heisterberg, Rasmus</marc:subfield>
			<marc:subfield code="e">productor</marc:subfield>
			<marc:subfield code="4">pro</marc:subfield>
			<marc:subfield code="0">http://viaf.org/viaf/102353756</marc:subfield>
		</marc:datafield>
		<marc:datafield tag="700" ind1="1" ind2=" ">
			<marc:subfield code="a">Kaas, Nikolaj Lie</marc:subfield>
			<marc:subfield code="e">actor</marc:subfield>
			<marc:subfield code="4">act</marc:subfield>
			<marc:subfield code="0">http://viaf.org/viaf/86940140</marc:subfield>
		</marc:datafield>
		<marc:datafield tag="700" ind1="1" ind2=" ">
			<marc:subfield code="a">Fares, Fares</marc:subfield>
			<marc:subfield code="d">1973-</marc:subfield>
			<marc:subfield code="e">actor</marc:subfield>
			<marc:subfield code="4">act</marc:subfield>
			<marc:subfield code="0">http://viaf.org/viaf/165358398</marc:subfield>
		</marc:datafield>
		<marc:datafield tag="700" ind1="1" ind2=" ">
			<marc:subfield code="a">Asbæk, Pilou</marc:subfield>
			<marc:subfield code="d">1982-</marc:subfield>
			<marc:subfield code="e">actor</marc:subfield>
			<marc:subfield code="4">act</marc:subfield>
			<marc:subfield code="0">http://viaf.org/viaf/3474149198330174940007</marc:subfield>
		</marc:datafield>
		<marc:datafield tag="700" ind1="1" ind2=" ">
			<marc:subfield code="a">Adler-Olsen, Jussi</marc:subfield>
			<marc:subfield code="d">1950-</marc:subfield>
			<marc:subfield code="i">Adaptation of work</marc:subfield>
			<marc:subfield code="t">Fasandræberne</marc:subfield>
			<marc:subfield code="1">http://viaf.org/viaf/4865151656240008400001</marc:subfield>
			<marc:subfield code="4">http://rdaregistry.info/Elements/w/P10142</marc:subfield>
		</marc:datafield>
	</marc:record>