
	<marc:record>
		<marc:leader>01193cam a2200337 c 4500</marc:leader>
		<marc:controlfield tag="001">a5010414</marc:controlfield>
		<marc:controlfield tag="003">SpMaBN</marc:controlfield>
		<marc:controlfield tag="005">20121107173417.4</marc:controlfield>
		<marc:controlfield tag="008">110309s2010    sp     | |||| 000 f spa</marc:controlfield>
		<marc:datafield tag="020" ind1=" " ind2=" ">
			<marc:subfield code="a">978-84-15120-02-5</marc:subfield>
		</marc:datafield>
		<marc:datafield tag="041" ind1="1" ind2=" ">
			<marc:subfield code="a">spa</marc:subfield>
			<marc:subfield code="h">dan</marc:subfield>
		</marc:datafield>
		<marc:datafield tag="100" ind1="1" ind2=" ">
			<marc:subfield code="a">Adler-Olsen, Jussi</marc:subfield>
			<marc:subfield code="d">1950-</marc:subfield>
			<marc:subfield code="0">http://viaf.org/viaf/87407021</marc:subfield>
			<marc:subfield code="4">aut</marc:subfield>
		</marc:datafield>
		<marc:datafield tag="240" ind1="1" ind2="0">
			<marc:subfield code="a">Kvinden i buret</marc:subfield>
			<marc:subfield code="l">Español</marc:subfield>
			<marc:subfield code="0">http://viaf.org/viaf/6990151656331308400003</marc:subfield>
		</marc:datafield>
		<marc:datafield tag="245" ind1="1" ind2="0">
			<marc:subfield code="a">La mujer que arañaba las paredes :</marc:subfield>
			<marc:subfield code="b">el primer caso de Carl Morck y su departamento especial Q</marc:subfield>
			<marc:subfield code="c">Jussi Adler-Olsen ; traducción, Juan Mari Mendizabal</marc:subfield>
		</marc:datafield>
		<marc:datafield tag="260" ind1=" " ind2=" ">
			<marc:subfield code="a">Madrid</marc:subfield>
			<marc:subfield code="b">Maeva</marc:subfield>
			<marc:subfield code="c">D.L. 2010</marc:subfield>
		</marc:datafield>
		<marc:datafield tag="300" ind1=" " ind2=" ">
			<marc:subfield code="a">415 sider</marc:subfield>
			<marc:subfield code="c">23 cm</marc:subfield>
		</marc:datafield>
		<marc:datafield tag="336" ind1=" " ind2=" ">
			<marc:subfield code="a">text</marc:subfield>
			<marc:subfield code="b">t</marc:subfield>
			<marc:subfield code="2">rdacontent</marc:subfield>
			<marc:subfield code="0">http://rdaregistry.info/termList/RDAContentType/1020 </marc:subfield>
		</marc:datafield>
		<marc:datafield tag="337" ind1=" " ind2=" ">
			<marc:subfield code="a">unmediated</marc:subfield>
			<marc:subfield code="b"/>
			<marc:subfield code="2">rdamedia</marc:subfield>
			<marc:subfield code="0">http://rdaregistry.info/termList/RDAMediaType/1007</marc:subfield>
		</marc:datafield>
		<marc:datafield tag="338" ind1=" " ind2=" ">
			<marc:subfield code="a">volume</marc:subfield>
			<marc:subfield code="b"/>
			<marc:subfield code="2">rdacarrier</marc:subfield>
			<marc:subfield code="0">http://rdaregistry.info/termList/RDACarrierType/1049</marc:subfield>
		</marc:datafield>
		<marc:datafield tag="380" ind1=" " ind2=" ">
			<marc:subfield code="a">novel</marc:subfield>
			<marc:subfield code="2">marcgt</marc:subfield>
			<marc:subfield code="0">http://id.loc.gov/vocabulary/marcgt/nov</marc:subfield>
		</marc:datafield>
		<marc:datafield tag="440" ind1=" " ind2=" ">
			<marc:subfield code="a">Afdeling Q</marc:subfield>
		</marc:datafield>
		<marc:datafield tag="490" ind1="1" ind2=" ">
			<marc:subfield code="a">Afdeling Q</marc:subfield>
			<marc:subfield code="v">1</marc:subfield>
		</marc:datafield>
		<marc:datafield tag="655" ind1=" " ind2="7">
			<marc:subfield code="a">Krim</marc:subfield>
		</marc:datafield>
		<marc:datafield tag="700" ind1="1" ind2=" ">
			<marc:subfield code="a">Mendizabal, Juan Mari</marc:subfield>
			<marc:subfield code="e">traductor</marc:subfield>
			<marc:subfield code="4">trl</marc:subfield>
			<marc:subfield code="0">http://viaf.org/viaf/87928985</marc:subfield>
		</marc:datafield>
		<marc:datafield tag="800" ind1="1" ind2=" ">
			<marc:subfield code="a">Adler-Olsen, Jussi</marc:subfield>
			<marc:subfield code="t">Afdeling Q</marc:subfield>
			<marc:subfield code="v">1</marc:subfield>
			<marc:subfield code="4">aut</marc:subfield>
			<marc:subfield code="0">http://viaf.org/viaf/259229763</marc:subfield>
		</marc:datafield>
	</marc:record>