
	<marc:record>
		<marc:leader>03276ngm a2200637 c 4500</marc:leader>
		<marc:controlfield tag="001">a6296167</marc:controlfield>
		<marc:controlfield tag="003">SpMaBN</marc:controlfield>
		<marc:controlfield tag="005">20180822101010.4</marc:controlfield>
		<marc:controlfield tag="007">vd*cvaizq</marc:controlfield>
		<marc:controlfield tag="008">180816s2017    sp 114 g      q   vlspa</marc:controlfield>
		<marc:datafield tag="024" ind1="3" ind2=" ">
			<marc:subfield code="a">8414533110969</marc:subfield>
		</marc:datafield>
		<marc:datafield tag="041" ind1="1" ind2=" ">
			<marc:subfield code="a">spa</marc:subfield>
			<marc:subfield code="a">eng</marc:subfield>
			<marc:subfield code="a">fre</marc:subfield>
			<marc:subfield code="a">ger</marc:subfield>
			<marc:subfield code="a">ita</marc:subfield>
			<marc:subfield code="h">eng</marc:subfield>
			<marc:subfield code="j">mul</marc:subfield>
		</marc:datafield>
		<marc:datafield tag="130" ind1="4" ind2=" ">
			<marc:subfield code="a">The snowman (Película cinematográfica)</marc:subfield>
			<marc:subfield code="l">Políglota</marc:subfield>
		</marc:datafield>
		<marc:datafield tag="245" ind1="1" ind2="3">
			<marc:subfield code="a">El muñeco de nieve =</marc:subfield>
			<marc:subfield code="b">Snømannen</marc:subfield>
			<marc:subfield code="c">directed by Tomas Alfredson ; produced by Tim Bevan, Eric Fellner, Piodor Gustafsson, Robyn Slovo ; screenplay by Peter Straughan and Hossein Amini and Søren Sveistrup ; director of photography, Dion Beebe ; music by Marco Beltrami</marc:subfield>
		</marc:datafield>
		<marc:datafield tag="260" ind1=" " ind2=" ">
			<marc:subfield code="a">Madrid</marc:subfield>
			<marc:subfield code="b">editado internacionalmente por Universal Pictures</marc:subfield>
			<marc:subfield code="b">distribuido por Sony Pictures</marc:subfield>
			<marc:subfield code="c">D.L. 2017</marc:subfield>
		</marc:datafield>
		<marc:datafield tag="300" ind1=" " ind2=" ">
			<marc:subfield code="a">1 DVD-Vídeo (ca. 114 min)</marc:subfield>
			<marc:subfield code="b">son., col.</marc:subfield>
		</marc:datafield>
		<marc:datafield tag="336" ind1=" " ind2=" ">
			<marc:subfield code="a">two dimensional moving image</marc:subfield>
			<marc:subfield code="b"/>
			<marc:subfield code="2">rdacontent</marc:subfield>
			<marc:subfield code="0">http://rdaregistry.info/termList/RDAContentType/1023</marc:subfield>
		</marc:datafield>
		<marc:datafield tag="337" ind1=" " ind2=" ">
			<marc:subfield code="a">video</marc:subfield>
			<marc:subfield code="b"/>
			<marc:subfield code="2">rdamedia</marc:subfield>
			<marc:subfield code="0"> http://rdaregistry.info/termList/RDAMediaType/1008</marc:subfield>
		</marc:datafield>
		<marc:datafield tag="338" ind1=" " ind2=" ">
			<marc:subfield code="a">videodisc</marc:subfield>
			<marc:subfield code="b"/>
			<marc:subfield code="2">rdacarrier</marc:subfield>
			<marc:subfield code="0">http://rdaregistry.info/termList/RDACarrierType/1060</marc:subfield>
		</marc:datafield>
		<marc:datafield tag="380" ind1=" " ind2=" ">
			<marc:subfield code="a">motion picture</marc:subfield>
			<marc:subfield code="2">marcgt</marc:subfield>
			<marc:subfield code="0">http://id.loc.gov/vocabulary/marcgt/mot</marc:subfield>
		</marc:datafield>
		<marc:datafield tag="500" ind1=" " ind2=" ">
			<marc:subfield code="a">Basada en la novela de Jo Nesbø</marc:subfield>
		</marc:datafield>
		<marc:datafield tag="500" ind1=" " ind2=" ">
			<marc:subfield code="a">Incluye extras</marc:subfield>
		</marc:datafield>
		<marc:datafield tag="511" ind1="1" ind2=" ">
			<marc:subfield code="a">Michael Fassbender, Rebecca Ferguson, Charlotte Gainsbourg</marc:subfield>
		</marc:datafield>
		<marc:datafield tag="518" ind1=" " ind2=" ">
			<marc:subfield code="a">Largometraje coproducido por Reino Unido, Estados Unidos y Suecia en 2017</marc:subfield>
		</marc:datafield>
		<marc:datafield tag="520" ind1="3" ind2=" ">
			<marc:subfield code="a">Cuando un detective de una brigada de investigación de élite investiga la extraña desaparición de una mujer durante la primera nevada de invierno, empieza a sospechar que un asesino en serie ha vuelto. Con la ayuda de una brillante agente, el detective tendrá que conectar este nuevo caso con otros antiguos para descubrir la verdad antes de la próxima nevada</marc:subfield>
		</marc:datafield>
		<marc:datafield tag="521" ind1="1" ind2=" ">
			<marc:subfield code="a">No recomendada para menores de 16 años</marc:subfield>
		</marc:datafield>
		<marc:datafield tag="538" ind1=" " ind2=" ">
			<marc:subfield code="a">Sistema de grabación del color PAL</marc:subfield>
		</marc:datafield>
		<marc:datafield tag="538" ind1=" " ind2=" ">
			<marc:subfield code="a">Formato de película 1.85:1</marc:subfield>
		</marc:datafield>
		<marc:datafield tag="538" ind1=" " ind2=" ">
			<marc:subfield code="a">Formato de pantalla panorámico anamórfico</marc:subfield>
		</marc:datafield>
		<marc:datafield tag="538" ind1=" " ind2=" ">
			<marc:subfield code="a">Formato de sonido Dolby Digital 5.1</marc:subfield>
		</marc:datafield>
		<marc:datafield tag="546" ind1=" " ind2=" ">
			<marc:subfield code="a">Versiones en español, inglés, francés, alemán e italiano, con subtítulos opcionales en inglés para sordos, español, árabe, danés, holandés, finés, francés, alemán, hindi, islandés, italiano, noruego, portugués, sueco y turco</marc:subfield>
		</marc:datafield>
		<marc:datafield tag="655" ind1=" " ind2=" ">
			<marc:subfield code="a">DVD</marc:subfield>
		</marc:datafield>
		<marc:datafield tag="655" ind1=" " ind2=" ">
			<marc:subfield code="a">Video</marc:subfield>
		</marc:datafield>
		<marc:datafield tag="655" ind1=" " ind2=" ">
			<marc:subfield code="a">Krim</marc:subfield>
		</marc:datafield>
		<marc:datafield tag="655" ind1=" " ind2="7">
			<marc:subfield code="a">Drama</marc:subfield>
		</marc:datafield>
		<marc:datafield tag="700" ind1="1" ind2=" ">
			<marc:subfield code="a">Alfredson, Tomas</marc:subfield>
			<marc:subfield code="d">1965-</marc:subfield>
			<marc:subfield code="e">director de cine</marc:subfield>
			<marc:subfield code="4">fmd</marc:subfield>
			<marc:subfield code="0">http://viaf.org/viaf/45412815</marc:subfield>
		</marc:datafield>
		<marc:datafield tag="700" ind1="1" ind2=" ">
			<marc:subfield code="a">Amini, Hossein</marc:subfield>
			<marc:subfield code="d">1966-</marc:subfield>
			<marc:subfield code="e">guionista</marc:subfield>
			<marc:subfield code="4">aus</marc:subfield>
			<marc:subfield code="0">http://viaf.org/viaf/49429016</marc:subfield>
		</marc:datafield>
		<marc:datafield tag="700" ind1="1" ind2=" ">
			<marc:subfield code="a">Straughan, Peter</marc:subfield>
			<marc:subfield code="e">guionista</marc:subfield>
			<marc:subfield code="4">aus</marc:subfield>
			<marc:subfield code="0">http://viaf.org/viaf/131881510</marc:subfield>
		</marc:datafield>
		<marc:datafield tag="700" ind1="1" ind2=" ">
			<marc:subfield code="a">Sveistrup, Søren</marc:subfield>
			<marc:subfield code="e">guionista</marc:subfield>
			<marc:subfield code="4">aus</marc:subfield>
			<marc:subfield code="0">http://viaf.org/viaf/288926096</marc:subfield>
		</marc:datafield>
		<marc:datafield tag="700" ind1="1" ind2=" ">
			<marc:subfield code="a">Beltrami, Marco</marc:subfield>
			<marc:subfield code="d">1966-</marc:subfield>
			<marc:subfield code="e">compositor</marc:subfield>
			<marc:subfield code="4">cmp</marc:subfield>
			<marc:subfield code="0">http://viaf.org/viaf/100229084</marc:subfield>
		</marc:datafield>
		<marc:datafield tag="700" ind1="1" ind2=" ">
			<marc:subfield code="a">Beebe, Dion</marc:subfield>
			<marc:subfield code="d">1968-</marc:subfield>
			<marc:subfield code="e">director de fotografía</marc:subfield>
			<marc:subfield code="4">cng</marc:subfield>
			<marc:subfield code="0">http://viaf.org/viaf/87244166</marc:subfield>
		</marc:datafield>
		<marc:datafield tag="700" ind1="1" ind2=" ">
			<marc:subfield code="a">Scorsese, Martin</marc:subfield>
			<marc:subfield code="d">1942-</marc:subfield>
			<marc:subfield code="e">productor</marc:subfield>
			<marc:subfield code="4">pro</marc:subfield>
			<marc:subfield code="0">http://viaf.org/viaf/111716145</marc:subfield>
		</marc:datafield>
		<marc:datafield tag="700" ind1="1" ind2=" ">
			<marc:subfield code="a">Fassbender, Michael</marc:subfield>
			<marc:subfield code="d">1977-</marc:subfield>
			<marc:subfield code="e">actor</marc:subfield>
			<marc:subfield code="4">act</marc:subfield>
			<marc:subfield code="0">http://viaf.org/viaf/36713181</marc:subfield>
		</marc:datafield>
		<marc:datafield tag="700" ind1="1" ind2=" ">
			<marc:subfield code="a">Ferguson, Rebecca</marc:subfield>
			<marc:subfield code="d">1983-</marc:subfield>
			<marc:subfield code="e">actor</marc:subfield>
			<marc:subfield code="4">act</marc:subfield>
			<marc:subfield code="0">http://viaf.org/viaf/303381566</marc:subfield>
		</marc:datafield>
		<marc:datafield tag="700" ind1="1" ind2=" ">
			<marc:subfield code="a">Gainsbourg, Charlotte</marc:subfield>
			<marc:subfield code="d">1971-</marc:subfield>
			<marc:subfield code="e">actor</marc:subfield>
			<marc:subfield code="4">act</marc:subfield>
			<marc:subfield code="0">http://viaf.org/viaf/117388632</marc:subfield>
		</marc:datafield>
		<marc:datafield tag="700" ind1="1" ind2=" ">
			<marc:subfield code="a">Karlsson, Jonas</marc:subfield>
			<marc:subfield code="d">1971-</marc:subfield>
			<marc:subfield code="e">actor</marc:subfield>
			<marc:subfield code="4">act</marc:subfield>
			<marc:subfield code="0">http://viaf.org/viaf/51673086</marc:subfield>
		</marc:datafield>
		<marc:datafield tag="700" ind1="1" ind2=" ">
			<marc:subfield code="a">Simmons, J. K.</marc:subfield>
			<marc:subfield code="d">1955-</marc:subfield>
			<marc:subfield code="e">actor</marc:subfield>
			<marc:subfield code="4">act</marc:subfield>
			<marc:subfield code="0">http://viaf.org/viaf/85864993</marc:subfield>
		</marc:datafield>
		<marc:datafield tag="700" ind1="1" ind2=" ">
			<marc:subfield code="a">Nesbø, Jo</marc:subfield>
			<marc:subfield code="d">1960-</marc:subfield>
			<marc:subfield code="i">Adaptation of work</marc:subfield>
			<marc:subfield code="t">Snømannen</marc:subfield>
			<marc:subfield code="1">http://viaf.org/viaf/312388673</marc:subfield>
			<marc:subfield code="4">http://rdaregistry.info/Elements/w/P10142</marc:subfield>
		</marc:datafield>
	</marc:record>