
	<marc:record>
		<marc:leader>01176nam a2200373 c 4500</marc:leader>
		<marc:controlfield tag="001">a5696344</marc:controlfield>
		<marc:controlfield tag="003">SpMaBN</marc:controlfield>
		<marc:controlfield tag="005">20151023100358.6</marc:controlfield>
		<marc:controlfield tag="008">151006s2015    sp     | |||| 000 f spa</marc:controlfield>
		<marc:datafield tag="020" ind1=" " ind2=" ">
			<marc:subfield code="a">978-84-16195-30-5</marc:subfield>
		</marc:datafield>
		<marc:datafield tag="041" ind1="1" ind2=" ">
			<marc:subfield code="a">spa</marc:subfield>
			<marc:subfield code="h">nor</marc:subfield>
		</marc:datafield>
		<marc:datafield tag="100" ind1="1" ind2=" ">
			<marc:subfield code="a">Nesbø, Jo</marc:subfield>
			<marc:subfield code="d">1960-</marc:subfield>
			<marc:subfield code="4">aut</marc:subfield>
			<marc:subfield code="0">http://viaf.org/viaf/44460209</marc:subfield>
		</marc:datafield>
		<marc:datafield tag="240" ind1="1" ind2="0">
			<marc:subfield code="a">Gjenferd</marc:subfield>
			<marc:subfield code="l">Español</marc:subfield>
			<marc:subfield code="0">http://viaf.org/viaf/312459486</marc:subfield>
		</marc:datafield>
		<marc:datafield tag="245" ind1="1" ind2="0">
			<marc:subfield code="a">Fantasma</marc:subfield>
			<marc:subfield code="c">Jo Nesbø ; traducción de Carmen Montes y Ada Berntsen</marc:subfield>
		</marc:datafield>
		<marc:datafield tag="250" ind1=" " ind2=" ">
			<marc:subfield code="a">1ª opplag.</marc:subfield>
		</marc:datafield>
		<marc:datafield tag="260" ind1=" " ind2=" ">
			<marc:subfield code="a">Barcelona</marc:subfield>
			<marc:subfield code="b">[Reservoir Books]</marc:subfield>
			<marc:subfield code="c">2015</marc:subfield>
		</marc:datafield>
		<marc:datafield tag="300" ind1=" " ind2=" ">
			<marc:subfield code="a">495 sider</marc:subfield>
			<marc:subfield code="c">22 cm</marc:subfield>
		</marc:datafield>
		<marc:datafield tag="336" ind1=" " ind2=" ">
			<marc:subfield code="a">text</marc:subfield>
			<marc:subfield code="b">t</marc:subfield>
			<marc:subfield code="2">rdacontent</marc:subfield>
			<marc:subfield code="0">http://rdaregistry.info/termList/RDAContentType/1020 </marc:subfield>
		</marc:datafield>
		<marc:datafield tag="337" ind1=" " ind2=" ">
			<marc:subfield code="a">unmediated</marc:subfield>
			<marc:subfield code="b"/>
			<marc:subfield code="2">rdamedia</marc:subfield>
			<marc:subfield code="0">http://rdaregistry.info/termList/RDAMediaType/1007</marc:subfield>
		</marc:datafield>
		<marc:datafield tag="338" ind1=" " ind2=" ">
			<marc:subfield code="a">volume</marc:subfield>
			<marc:subfield code="b"/>
			<marc:subfield code="2">rdacarrier</marc:subfield>
			<marc:subfield code="0">http://rdaregistry.info/termList/RDACarrierType/1049</marc:subfield>
		</marc:datafield>
		<marc:datafield tag="380" ind1=" " ind2=" ">
			<marc:subfield code="a">novel</marc:subfield>
			<marc:subfield code="2">marcgt</marc:subfield>
			<marc:subfield code="0">http://id.loc.gov/vocabulary/marcgt/nov</marc:subfield>
		</marc:datafield>
		<marc:datafield tag="490" ind1="0" ind2=" ">
			<marc:subfield code="a">Harry Hole</marc:subfield>
			<marc:subfield code="v">9</marc:subfield>
		</marc:datafield>
		<marc:datafield tag="655" ind1=" " ind2="7">
			<marc:subfield code="a">Krim</marc:subfield>
		</marc:datafield>
		<marc:datafield tag="700" ind1="1" ind2=" ">
			<marc:subfield code="a">Berntsen, Ada</marc:subfield>
			<marc:subfield code="e">traductor</marc:subfield>
			<marc:subfield code="4">trl</marc:subfield>
			<marc:subfield code="0">http://viaf.org/viaf/292899589</marc:subfield>
		</marc:datafield>
		<marc:datafield tag="700" ind1="1" ind2=" ">
			<marc:subfield code="a">Montes Cano, Carmen</marc:subfield>
			<marc:subfield code="e">traductor</marc:subfield>
			<marc:subfield code="4">trl</marc:subfield>
			<marc:subfield code="0">http://viaf.org/viaf/172903673</marc:subfield>
		</marc:datafield>
		<marc:datafield tag="800" ind1="1" ind2=" ">
			<marc:subfield code="a">Nesbø, Jo</marc:subfield>
			<marc:subfield code="t">Harry Hole</marc:subfield>
			<marc:subfield code="v">9</marc:subfield>
			<marc:subfield code="4">aut</marc:subfield>
			<marc:subfield code="0">http://viaf.org/viaf/174877157</marc:subfield>
		</marc:datafield>
	</marc:record>